4842 6059
2274 687 2719 769 ...6-

1233 915 1295 988 p.
1358 894 1517 966 106.
1623 891 1825 963 ‘ltalia
1878 888 2078 977 dicta,
2129 895 2319 991 quod
2369 913 2664 989 magnos
2712 896 2949 979 italos,
3010 897 3143 967 hoc
3191 908 3303 968 est
3348 900 3608 984 boves,
3681 900 3954 974 habeat.

1031 1028 1233 1103 Vituli
1280 1030 1531 1102 etenim
1582 1027 1675 1099 ab
1733 1028 1916 1101 Italis
1970 1028 2105 1102 itali
2174 1043 2334 1104 sunt
2391 1032 2571 1103 dicti.
2668 1032 2853 1104 ltalia
2903 1030 2992 1103 ab
3041 1030 3207 1102 ltalo
3276 1050 3462 1121 rege.
3561 1033 3823 1106 Eadem
3864 1035 3956 1108 ab

1022 1166 1180 1239 Atte
1220 1163 1415 1258 Lydo
1457 1162 1637 1258 Atya
1687 1174 1960 1258 putatur
2014 1167 2391 1261 appellata'.
2431 1207 2529 1221 -
2577 1169 2941 1244 Praestare
2996 1169 3270 1241 videtur
3321 1167 3508 1261 quod
3554 1166 3745 1237 dedit
3792 1171 3956 1240 Lin-

1024 1303 1408 1400 demannus
1459 1319 1523 1396 p.
1579 1294 1706 1372 79:
1754 1301 1972 1372 ‘vituli
2023 1301 2275 1373 etenim
2326 1303 2415 1374 ab
2462 1304 2648 1376 Italis
2693 1316 2850 1376 sunt
2896 1303 3093 1390 dicti',
3145 1323 3300 1375 nam
3333 1283 3764 1389 vocabulum,
3812 1325 3952 1398 quo

1025 1437 1361 1512 sententia
1410 1433 1742 1508 Muellero
1789 1435 2010 1508 iudice
2065 1459 2308 1510 carere
2358 1450 2672 1534 nequeat,
2726 1443 3040 1535 quamvis
3091 1433 3286 1515 facile
3338 1452 3621 1537 propter
3671 1451 3954 1513 antece-⁵

1022 1573 1199 1646 dens
1250 1570 1467 1642 Mic
1510 1571 1859 1659 exciderit,
1916 1574 2083 1646 boni
2134 1573 2338 1649 codd.
2391 1575 2721 1648 omittunt.
2829 1578 2974 1649 Iam
3032 1580 3342 1672 sequitur
3399 1577 3611 1650 altera
3648 1579 3952 1671 origina-

1022 1711 1153 1796 tio,
1224 1732 1405 1805 quae
1455 1718 1642 1782 recte
1707 1707 1947 1794 habet,
2022 1710 2089 1779 in
2158 1713 2358 1783 tertia
2408 1710 2705 1805 denique
2756 1712 2972 1803 Atyn,
3027 1711 3215 1807 quod
3276 1733 3457 1786 unus
3508 1711 3954 1786 Monacensis

1020 1847 1342 1943 praebet,
1398 1846 1637 1941 reliqui
1684 1847 2024 1932 omittunt,
2082 1848 2306 1919 locum
2361 1847 2533 1918 tueri
2584 1869 2720 1918 non
2775 1860 3033 1943 potest,
3103 1851 3424 1944 quoniam
3473 1850 3562 1921 ab
3609 1848 3692 1921 iis
3739 1847 3950 1934 sonis,

1021 1950 1286 2082 (ltalia)
1358 1982 1474 2074 qui
1545 2001 1697 2052 cum
1762 1980 2091 2067 Attelido‚
2156 1983 2195 2053 i.
2263 2003 2322 2053 e.
2374 1982 2532 2053 Atte
2586 1982 2780 2078 Lydo
2841 1995 3263 2077 congruunt,
3334 1986 3608 2078 long-ius
3667 1983 3947 2068 recedit,

1019 2116 1468 2215 quamobrem
1525 2125 1599 2186 ut
1646 2114 1805 2188 Atta
1851 2115 2046 2211 Lydo
2104 2118 2447 2189 scribatur
2497 2141 2675 2214 opus
2722 2120 3011 2192 videtur.

1234 2275 1297 2348 p.
1355 2254 1511 2325 108.
1618 2250 2122 2345 ‘compluvium
2169 2275 2305 2346 quo
2355 2254 2447 2327 de
2492 2253 2789 2327 diversis
2837 2256 3036 2326 tectis
3087 2275 3264 2349 aqua
3312 2258 3624 2351 pluvialis
3672 2254 3951 2329 confluit

1020 2392 1093 2462 in
1146 2385 1444 2461 eundem
1497 2388 1759 2461 locum'.
1795 2429 1896 2443 —
1951 2398 2132 2482 ‘qum
2184 2391 2396 2462 Guelf.
2448 2411 2558 2482 vg.
2610 2394 2822 2482 quod.
2873 2391 3059 2490 Papli
3115 2389 3266 2464 cod.
3319 2391 3584 2464 Monac.
3676 2392 3764 2463 At
3813 2389 3950 2464 hoc

1021 2527 1405 2601 sententiae
1455 2545 1595 2598 non
1648 2526 1986 2597 convenit.
2043 2543 2189 2619 qn·-
2231 2527 2409 2598 coni.
2455 2526 2783 2612 Gothosr„
2835 2525 3039 2621 idque
3093 2528 3346 2621 optime
3402 2528 3718 2621 placeret,
3771 2527 3827 2599 si
3879 2528 3947 2599 in

1019 2660 1222 2735 codd.
1294 2664 1522 2736 esset'.
1623 2660 1843 2734 Muell.
1960 2662 2415 2735 scribendum
2489 2673 2633 2747 est,
2713 2661 2772 2734 si
2835 2662 2999 2736 nihil
3049 2664 3291 2757 culpae
3338 2662 3587 2736 Paulus
3657 2660 3945 2748 admisit,

1018 2799 1248 2889 quod,
1327 2819 1464 2869 non
1514 2795 1949 2870 referendum
1992 2797 2155 2870 illud
2203 2796 2294 2869 ad
2345 2799 2833 2892 compluvium,
2911 2797 3035 2870 sed
3084 2820 3224 2892 quo
3273 2820 3485 2873 causa
3542 2798 3949 2872 denomina-

1018 2932 1224 3032 tionis
1289 2930 1635 3005 reddatur.

1229 3090 1292 3163 p.
1355 3069 1514 3136 113.
1620 3068 1903 3140 ‘inlicies
1949 3066 2251 3161 (inlices)
2306 3066 2624 3154 canales.
2670 3067 2966 3159 inques
3017 3089 3194 3160 aqua
3241 3066 3519 3139 confluit
3562 3070 3627 3136 in
3674 3068 3802 3137 viis
3843 3068 3947 3140 la·

1018 3199 1179 3299 pide
1228 3202 1476 3286 stratis,
1528 3202 1617 3273 ab
1669 3202 2013 3272 eliciendo
2060 3202 2237 3274 dicti.

1229 3338 1625 3414 Inlecebrae
1677 3340 1835 3409 item
1889 3337 1978 3409 ab
2028 3336 2367 3409 illiciendo
2412 3336 2675 3409 dictae’.

1015 3478 1171 3548 Non
1232 3473 1513 3548 dubium
1582 3483 1812 3568 potest
1872 3493 2072 3560 esse,
2150 3473 2309 3566 quin
2386 3473 2454 3542 in
2527 3472 2758 3565 priore
2828 3471 3062 3563 glossa
3142 3470 3577 3547 scribendum
3656 3478 3772 3547 sit:
3851 3477 3944 3548 ab

1016 3610 1378 3681 ἰαίοὸοηᾰο
1421 3609 1602 3695 dicti,
1658 3619 1730 3681 ut
1778 3609 1965 3703 quod
2019 3610 2083 3680 in
2141 3609 2353 3680 altera
2412 3609 2756 3702 sequitur:
2797 3607 2967 3678 item
3037 3604 3164 3679 sibi
3200 3621 3488 3682 constet.
3535 3613 3615 3681 cf.
3668 3633 3728 3705 p.
3786 3610 3942 3684 tit.

1016 3748 1288 3820 Illicium
1333 3745 1596 3832 dicitur,
1644 3766 1851 3839 quum
1900 3746 2192 3838 populus
2242 3743 2331 3816 ad
2377 3744 2780 3816 concionem
2829 3743 3108 3815 elicitur.
4058 3729 4071 3742 ’

1227 3906 1288 3977 p.
1334 3886 1495 3955 115.
1601 3882 1937 3953 ‘Lenones
1994 3881 2083 3951 ab
2139 3880 2500 3951 alliciendo
2550 3879 3103 3951 adulescentulos
3157 3878 3513 3972 appellati‘.
3567 3917 3666 3931 —
3715 3879 3944 3952 Leno-

1017 4022 1125 4093 nis
1174 4018 1585 4090 vocabulum
1630 4037 1771 4110 quo
1822 4014 2107 4088 artificio
2158 4016 2247 4088 ab
2304 4014 2635 4088 alliciendi
2689 4015 2909 4087 verbo
2959 4014 3255 4086 derivari
3310 4016 3528 4108 possit
3563 4037 3699 4088 non
3737 4017 3942 4091 video

1018 4154 1091 4250 (a
1159 4152 1480 4228 leniendo
1526 4153 1771 4224 Prisc..
1808 4176 1869 4246 p.
1932 4155 2099 4239 121,
2179 4149 2268 4225 17
2319 4152 2555 4247 Hertz)
2628 4173 2852 4246 neque
2911 4152 2978 4223 id
3045 4154 3226 4247 apud
3292 4155 3566 4226 Festum
3631 4153 3941 4226 extitisse

1015 4291 1342 4363 inducere
1391 4291 1461 4361 in
1513 4288 1807 4360 animum
1854 4309 2155 4383 possum,
2208 4288 2335 4361 sed
2383 4289 2475 4361 ibi
2524 4288 2613 4361 de
2658 4287 2978 4360 leniendo
3023 4291 3061 4359 i.
3108 4312 3164 4361 e.
3211 4291 3481 4364 lenibus
3526 4292 3759 4364 verbis
3794 4293 3943 4364 alli-

1021 4426 1266 4501 ciendo
1320 4424 1570 4499 dictum
1622 4426 1850 4512 fuisse,
1905 4423 2093 4519 quod
2142 4425 2393 4496 Paulus
2438 4425 2844 4497 festinanter
2892 4426 3249 4496 contraxit.

1222 4583 1292 4655 p.
1353 4562 1509 4632 126.
1616 4560 1998 4633 ‘Maximam
2050 4560 2344 4635 bostiam
2396 4562 2577 4633 ovilli
2619 4563 2889 4655 pecoris
2945 4562 3412 4656 appellabant,
3466 4584 3603 4635 non
3649 4565 3739 4635 ab
3793 4583 3942 4636 am-

1016 4698 1346 4793 plitudine
1380 4698 1709 4792 corporis,
1750 4696 1874 4769 sed
1913 4698 2003 4769 ab
2037 4697 2267 4769 animo
2304 4697 2715 4792 placidiore'.
2751 4733 2852 4751 —-
2907 4698 3145 4790 Neque
3181 4697 3360 4767 hanc
3394 4717 3671 4769 causam
3705 4720 3940 4771 veram

1018 4854 1180 4906 esse
1224 4836 1374 4908 eius
1419 4835 1930 4929 appellationis,
1996 4857 2219 4931 neque
2271 4855 2477 4929 qnam
2533 4831 2868 4906 subtiliter
2915 4835 3223 4925 Scaliger
3288 4833 3738 4925 excogitavit,
3811 4833 3942 4906 sed

1021 4994 1173 5044 eam
1224 4996 1435 5067 quam·
1477 4973 1729 5046 Gellius
1773 4974 1887 5056 XI,
1953 4976 2027 5057 1,
2079 4972 2119 5068 §
2170 4974 2246 5057 2,
2304 4976 2346 5043 3
2395 4971 2484 5043 de
2534 4971 2738 5043 multa
2799 4991 3115 5064 suprema
3163 4971 3200 5039 i.
3251 4990 3309 5039 e.
3367 4988 3629 5040 summa
3677 4978 3748 5039 et
3793 4989 3969 5040 ma·-⁴
