4842 6059
2114 662 2218 674 -..
2324 617 2416 696 14
2471 616 2479 623 ·
2521 661 2626 673 ,-

890 825 1007 894 vio
1058 823 1239 893 enim
1301 843 1526 916 neque
1570 811 1852 892 Verrius
1894 819 2183 891 Flaccus
2242 841 2408 892 usus
2455 829 2566 891 est
2617 819 2730 914 (cf.
2776 818 2997 892 Muell.
3047 820 3140 892 ad
3190 843 3251 914 p.
3312 809 3544 918 299³),
3595 837 3842 917 neque,

893 957 1082 1051 quod
1144 977 1326 1029 nunc
1384 976 1590 1048 opus,
1656 953 1743 1026 M.
1800 951 2157 1026 Terentius
2218 954 2459 1025 Varro.
2561 955 2855 1048 Insuper
2917 952 3106 1048 apud
3155 954 3448 1028 Livium·
3486 955 3649 1027 nihil
3713 968 3840 1042 est,

893 1090 1084 1184 quod
1135 1113 1284 1180 cum
1339 1090 1446 1160 his
1490 1090 1761 1178 verbim
1812 1087 2020 1181 ‘quod
2066 1088 2131 1158 ei
2181 1086 2249 1158 id
2292 1087 2689 1179 coniugium
2741 1090 2946 1160 ¹fuerit
2993 1087 3194 1172 rcflx',
3247 1091 3636 1182 comparari
3674 1109 3846 1184 pos-

893 1226 998 1298 sit.
1102 1223 1241 1295 Sed
1287 1222 1748 1294 arcessendus
1802 1231 1911 1294 est
1960 1243 2137 1294 unus
2190 1243 2279 1292 ex
2350 1203 2850 1316 antiquioribus
2923 1222 3304 1308 historicis,
3383 1224 3502 1293 Cn.
3556 1224 3842 1296 Gellium

890 1359 1066 1441 dioc,
1140 1379 1343 1450 quem
1391 1359 1762 1451 Dionysius
1822 1358 1913 1442 11,
1985 1361 2068 1429 34
2128 1369 2199 1428 et
2264 1356 2526 1429 Charis.
2583 1360 2639 1441 l,
2711 1379 2773 1450 p.
2843 1359 2938 1429 39
3005 1356 3098 1428 de
3165 1356 3576 1430 Sabinarum
3642 1370 3843 1453 raptu

890 1492 1174 1564 uberius
1225 1491 1486 1564 dixisse
1537 1503 1904 1574 testantur,
1984 1494 2237 1585 quique
2296 1491 2484 1584 apud
2539 1493 2815 1564 Festum
2866 1493 3111 1563 iterum
3161 1490 3426 1564 delituit
3471 1494 3546 1561 in
3595 1494 3843 1565 lacuna

888 1647 953 1719 p.
1000 1625 1189 1712 48⁴³,
1240 1629 1284 1699 2
1334 1627 1454 1697 ubi
1489 1647 1655 1720 pro:
1706 1627 2052 1698 ‘Coe-lim
2094 1619 2572 1695 Meton-iarun·
2614 1627 2815 1697 libro'
2860 1625 3182 1719 equidem
3222 1626 3552 1697 ‘Get-ltu
3601 1627 3842 1697 Meto-
3907 1713 3912 1718 .

888 1761 1175 1832 viarum
1226 1763 1539 1854 scriptor*
1595 1761 2052 1855 praetulerim.
2158 1763 2237 1831 cf.
2289 1759 2636 1852 Kiessling
2683 1761 2774 1832 de
2827 1761 3114 1853 Dionys.
3175 1737 3322 1831 Hal.
3374 1761 3641 1855 Antiqq.
3711 1783 3841 1834 au-

771 1947 776 1952 ·
890 1896 1200 1967 ctoribus
1249 1895 1506 1965 Latinis
1558 1917 1617 1986 p.
1653 1893 1785 1965 34.
1839 1897 2099 1968 Versus
2152 1895 2355 1985 igitur
2407 1897 2642 1966 soffia
2695 1893 3123 1988 supplendus
3173 1905 3286 1965 est

1324 2101 1329 2107 ,
1395 2029 1582 2099 litum
1626 2030 1955 2122 appellari
2034 2029 2523 2102 Talassionem.
2629 2030 2778 2098 Sed
2847 2030 2984 2097 On.
3054 2028 3333 2097 Galliae

1399 2161 1856 2267 historiarum*
1895 2164 2208 2256 scriptor,
2263 2164 2641 2234 Talassium
2695 2164 2792 2234 ait
2838 2159 3124 2233 nomine

890 2290 1140 2394 (5520stae
1188 2290 1556 2372 Τᾶλσίσιος
1606 2296 1806 2391 Plut.)
1916 2299 2001 2369 Ut
2071 2310 2298 2370 autem
2354 2298 2488 2369 hac
2559 2300 2932 2369 occasione
2980 2296 3233 2381 dicam,
3306 2294 3471 2390 quid
3537 2295 3702 2366 mihi
3750 2295 3840 2366 de

891 2433 1198 2504 Talassio
1250 2429 1585 2515 videatur,
1632 2431 1794 2503 nihil
1845 2432 2025 2504 aliud
2079 2436 2313 2505 inesse
2364 2432 2792 2516 crediderim,
2839 2452 3046 2524 quam
3081 2433 3419 2503 Graecum
3452 2431 3748 2523 Neptuni
3787 2452 3841 2501 s.

892 2567 1115 2655 Consi,
1158 2587 1283 2659 per
1334 2568 1529 2636 cuius
1562 2567 1715 2637 festi
1754 2553 2334 2660 opportunitatem
2382 2578 2627 2661 raptae
2674 2577 2833 2639 sunt
2877 2566 3215 2650 mulieres,
3266 2565 3639 2658 epitheton,
3692 2559 3849 2639 θοι-

893 2702 1167 2802 λωσσίῳ
1216 2701 1554 2784 nimirum,
1606 2703 1698 2771 ita
1746 2703 2054 2775 Graecus
2106 2701 2382 2797 quidam
2431 2713 2873 2786 narraverat,
2931 2702 3093 2772 ferri
3146 2700 3654 2772 sciscitantibus
3699 2699 3844 2769 cla-

891 2836 1201 2907 mitatum
1269 2834 1439 2926 (Liv.
1476 2836 1535 2917 I,
1579 2839 1642 2906 9.
1692 2837 1857 2908 Plut.
1908 2860 1971 2930 q.
2012 2862 2062 2907 r.
2104 2835 2254 2931 3⁴),
2303 2836 2490 2908 unde
2543 2834 2957 2906 artificiosae
3019 2834 3176 2904 illae
3237 2833 3844 2926 interpretationes

895 2978 1408 3061 promanarunt.

1103 3124 1166 3193 p.
1224 3098 1417 3183 359⁶,
1471 3103 1586 3173 29.
1694 3102 2085 3194 ‘Taepocon
2136 3100 2315 3170 soliti
2354 3111 2514 3171 sunt
2564 3101 2917 3193 appellare
2953 3100 3198 3172 Graeci
3234 3119 3458 3189 genus
3496 3077 3845 3171 scribendi

895 3234 1219 3306 deorsum
1270 3255 1536 3317 versuS,
1574 3243 1648 3306 ut
1702 3257 1881 3307 nunc
1932 3234 2372 3306 dextrorsum
2431 3234 2830 3307 scribimus‘.

1099 3367 1460 3460 Oedipode
1527 3371 1839 3460 scaliger,
1897 3370 2021 3452 ait,
2069 3391 2246 3462 opus
2301 3378 2427 3439 est.
2532 3369 2620 3439 Et
2672 3371 3012 3461 profecto,
3057 3387 3239 3461 quae
3293 3366 3520 3437 adhuc
3577 3369 3844 3460 prolata

899 3512 1087 3584 sunt,
1155 3521 1294 3571 non
1369 3500 1745 3584 sufficiunt,
1818 3513 2025 3595 atque
2085 3505 2149 3570 in
2225 3525 2313 3574 eo
2379 3502 2772 3586 offendunt,
2839 3502 3029 3595 quod
3088 3501 3442 3573 articulum
3504 3503 3844 3574 Graecum

896 3636 1368 3734 praepositum
1425 3635 1699 3706 habent.
1802 3637 2122 3708 Persuasi
2177 3638 2338 3708 mihi
2394 3658 2572 3731 opus
2623 3655 2785 3708 esse
2835 3637 3106 3737 Graeco
3155 3635 3493 3707 adverbio
3550 3636 3639 3707 ad
3689 3657 3846 3707 mo-

897 3769 1058 3841 dum
1089 3770 1352 3840 illorum
1382 3758 2061 3864 κιονηδόν,στοιχηδδν
2102 3774 2415 3856 formato,
2455 3793 2595 3865 quo
2616 3772 2999 3864 scripturae
3025 3771 3114 3844 ad
3145 3771 3705 3864 perpendiculum
3736 3771 3844 3842 di-

898 3914 1131 3976 rectae
1185 3904 1372 3973 notio
1423 3904 2065 3996 comprehendatur.
2172 3908 2452 3978 Lemma
2505 3928 2544 3978 a
2599 3907 2774 3977 Taer
2842 3907 3177 3998 incipiens
3237 3906 3488 3998 requiri
3542 3906 3845 3977 ostendit

890 4038 1332 4129 praecedens
1389 4038 1669 4109 Tarmes
1726 4049 1796 4109 et
1851 4040 2038 4132 quod
2091 4042 2534 4135 subsequitur
2583 4042 2958 4124 Tartarino.
3066 4040 3269 4124 Quod
3321 4042 3377 4112 si
3426 4061 3666 4113 verum
3715 4053 3842 4126 est,

894 4187 1037 4241 non
1087 4170 1296 4242 video
1346 4171 1536 4264 quod
1589 4173 1848 4244 maiore
1900 4145 2048 4247 iure
2102 4178 2309 4248 scribi
2363 4178 2602 4271 possit.
2652 4197 2860 4270 quam
2911 4176 3292 4245 Tur-adon
3326 4178 3363 4245 i.
3413 4198 3474 4247 e.
3526 4166 3849 4278 θωιςηδδν

900 4300 1008 4395 (ut
1028 4327 1069 4374 a
1094 4325 1272 4376 voce
1315 4303 1618 4383 πλίνθος
1653 4305 1729 4379 fit
1766 4297 2194 4406 πλινθηδὲν),
2243 4303 2493 4413 &augis
2528 4313 2708 4384 enim
2729 4312 3080 4407 Hesychia
3113 4315 3488 4407 interprete
3534 4312 3569 4388 ὅ
3617 4301 3847 4400 διήκων

897 4429 1048 4515 olori
1099 4438 1222 4514 τοῦ
1261 4431 1401 4516 ἄνω
1444 4441 1686 4541 μέρους
1742 4445 1869 4518 ἕως
1915 4440 2113 4521 κάτω
2162 4444 2524 4548 moade.
2577 4476 2656 4526 ou
2689 4465 2862 4520 vero
2897 4447 3398 4542 diphthongum
3419 4418 3684 4522 rFestus
3717 4467 3844 4543 per

892 4579 997 4644 fae‘
1027 4575 1418 4669 exprimere
1472 4578 1667 4661 solet,
1719 4579 2115 4666 Daedalam,
2162 4582 2539 4667 Eudiaeon,
2596 4583 3061 4670 Maeandrum,
3089 4585 3425 4671 -Maesen,
3471 4581 3837 4668 Paedidos,

891 4708 1141 4796 Paean,
1190 4708 1553 4783 Thraeces.
2252 4725 2259 4734 ·
