4842 6059
2191 655 2634 732 ..4-

940 875 1057 937 tus
1118 861 1403 944 fiebant,
1469 880 1670 953 quum
1722 857 1894 928 clavi
1946 867 2018 928 et
2076 858 2342 952 lapides
2402 859 2468 930 in
2539 859 2803 932 labrum
2870 882 3160 935 aeneum
3229 865 3714 938 coicereauur‘.
3771 906 3870 923 —-

936 999 1421 1073 Necessarium
1476 1006 1547 1068 ut
1593 1003 1710 1066 aut
1756 1015 1909 1066 cum
1945 994 2325 1087 Augustino
2377 995 2762 1085 coniectus,
2821 1007 2937 1070 aut
2985 1020 3138 1070 cum
3189 999 3518 1075 Muellero
3563 1004 3870 1076 coicum

941 1137 1014 1208 in
1065 1147 1322 1208 textum
1370 1132 1750 1224 recipiatur,
1818 1132 1898 1202 cf.
1936 1132 2169 1203 Pollux
2223 1131 2326 1216 1v,
2385 1134 2523 1204 430
2572 1121 2903 1233 βςοπεῒον
2954 1135 3257 1209 similiter
3304 1138 3727 1214 describens.
3766 1177 3868 1193 -

942 1275 1259 1350 Claudius
1334 1270 1622 1343 Pulcher
1693 1291 1865 1341 vero
1942 1269 2069 1339 erit
2143 1265 2354 1350 idem,
2430 1269 2545 1360 qui
2622 1267 2861 1339 aedilis
2925 1272 3175 1343 curulis
3229 1293 3289 1344 a.
3347 1297 3408 1345 u.
3477 1276 3621 1350 655
3688 1277 3864 1351 ludis

938 1408 1316 1502 magnificis
1364 1407 1698 1479 excelluit.
1802 1406 1960 1476 Plin.
2013 1427 2073 1474 n.
2127 1403 2190 1474 h.
2245 1405 2403 1488 VIII,
2469 1410 2576 1478 49.
2629 1406 2885 1491 XXXV,
2942 1410 3055 1480 23.

1066 1557 1071 1562 ’
1147 1569 1210 1639 p.
1264 1547 1378 1617 63.
1480 1543 1782 1635 ‘Cingulo
1832 1561 2009 1646 nova
2056 1550 2264 1632 nupta
2311 1542 2920 1633 praecingebatur,
2979 1547 3172 1634 quod
3214 1545 3319 1615 vir
3366 1546 3433 1615 in
3489 1547 3666 1620 lecto
3719 1551 3865 1622 sol·
3932 1587 3937 1592 ·

936 1683 1181 1767 vebat,
1254 1684 1507 1753 factum
1564 1701 1654 1751 ex
1717 1678 1873 1747 lana
1935 1675 2086 1745 ovis
2142 1713 2289 1744 —.
2394 1676 2603 1745 Hunc
2649 1679 3078 1752 Herculaneo
3136 1681 3324 1754 nodo
3393 1683 3692 1756 vinctum
3756 1687 3862 1758 vir

938 1820 1179 1892 solvit'.
1214 1858 1317 1873 --
1353 1816 1662 1896 Huncin
1704 1812 1834 1882 Ιιοο
1883 1832 2020 1883 non
2074 1822 2377 1883 mutasse
2430 1833 2507 1884 se
2558 1812 2922 1888 Muellerus
2967 1815 3341 1925 profitetur,
3394 1820 3584 1915 quod
3609 1822 3857 1894 Paulus

935 1956 1276 2048 cingulum
1324 1972 1452 2044 pro
1499 1948 1875 2019 musenim
1930 1947 2265 2032 habuerit,
2314 1960 2389 2020 ut
2440 1952 2810 2023 masculina
2859 1954 3069 2025 multa
3113 1975 3242 2047 pm
3291 1958 3554 2030 neuris
3593 1949 3856 2043 habuit,

935 2094 1127 2167 cuius
1190 2091 1287 2161 rei
1353 2088 1667 2180 exempla
1732 2085 2101 2158 Muellerus
2169 2081 2258 2158 ad
2320 2107 2380 2178 p.
2452 2087 2542 2158 36
2595 2087 2884 2180 profem,
2943 2089 3194 2181 quib-s
3256 2087 3558 2164 addendi
3593 2094 3856 2168 similes

928 2243 1210 2301 errores
1256 2245 1316 2318 p.
1379 2226 1516 2295 405
1578 2222 1882 2307 ltonida,
1954 2244 2014 2315 p.
2076 2225 2211 2293 408
2269 2219 2639 2315 impolitius
2685 2236 2767 2294 et
2827 2227 3122 2298 fortasse
3187 2248 3252 2319 p.
3304 2220 3447 2299 374
3501 2228 3855 2319 Unguium.

928 2363 1072 2437 Sed
1122 2360 1498 2433 ferendane
1548 2371 1658 2431 est
1707 2379 1790 2429 ea
1844 2359 2277 2451 negligentia,
2322 2380 2469 2451 -qua
2515 2360 2791 2431 Paulum
2841 2360 3128 2451 Cingulo
3176 2397 3279 2416 -—
3313 2362 3536 2455 quod,
3586 2366 3854 2438 sactum.

926 2497 1124 2572 Hunc
1197 2496 1400 2569 solvit
1464 2531 1563 2550 --
1626 2492 2006 2565 balbutisse
2079 2493 2497 2567 credamus?
2558 2533 2659 2549 —-
2731 2497 2994 2567 nemu
3053 2499 3241 2570 enim
3307 2500 3550 2574 miselli
3617 2523 3853 2593 gram-

930 2636 1157 2710 matici
1262 2635 1441 2748 talia·
1534 2641 1863 2703 monstra.
2004 2631 2237 2723 ltaque
2342 2605 2651 2736 sortasse,
2727 2643 3036 2725 mint
3126 2635 3195 2705 L.
3267 2636 3360 2732 B.
3411 2638 3851 2731 scripturam:

932 2775 1143 2845 Νυηο
1189 2775 1402 2867 sequi,
1455 2791 1595 2865 quo
1652 2780 1723 2840 et
1770 2780 2152 2861 temporum
2200 2764 2604 2837 discrimen:
2657 2769 3232 2860 praecingebatur
3259 2807 3366 2824 --
3399 2772 3718 2860 solvebat
3751 2809 3852 2828 --

930 2913 1132 2986 solvi-t
1177 2945 1275 2962 -—-
1319 2908 1575 2980 ducere
1627 2903 1912 2975 videtur.

1134 3070 1197 3139 p.
1255 3042 1368 3117 7s.
1474 3040 1850 3112 ‘Eudiaeon
1915 3039 2164 3109 lineum
2216 3036 2417 3121 filum,
2481 3038 2670 3131 quod
2719 3039 2969 3110 medici
3035 3051 3346 3113 extremo
3395 3045 3464 3112 in
3524 3046 3847 3133 clysterio

926 3183 1329 3276 relinquunt,
1386 3199 1510 3273 per
1555 3175 1744 3271 quod
1795 3167 2102 3270 κλυσμδς
2146 3175 2508 3247 emittitur-².
2540 3213 2643 3228 —-
2675 3176 2917 3247 Graeci
2969 3175 3285 3248 vocabuli
3333 3197 3532 3248 usum
3567 3198 3851 3272 compe-

846 3313 857 3326 '
926 3322 1138 3392 rimus
1188 3340 1230 3388 e
1281 3317 1553 3388 Polluce
1611 3317 1668 3398 4,
1722 3318 1805 3386 94
1882 3298 2026 3399 ἥδ’
2058 3305 2446 3409 ἀνοιγομένη
2494 3308 2693 3414 θυρὶς·
2741 3307 3006 3408 (navis)
3055 3315 3152 3388 sic
3183 3301 3407 3411 ἐκςοοῖν
3439 3309 3560 3389 τοῦ
3594 3300 3850 3392 ὕδατος

920 3442 1213 3530 &Mam
1262 3461 1565 3528 καλεῖς-ο.
1670 3452 1750 3519 cf.
1798 3451 1964 3519 Plut.
2022 3450 2100 3534 Q.
2157 3471 2372 3545 symp.
2425 3450 2494 3536 7,
2568 3456 2625 3535 4,
2693 3455 2758 3523 2.
2879 3448 3066 3522 Suid.
3117 3448 3438 3540 idemque
3489 3449 3732 3520 Pollux
3781 3446 3845 3534 4,
3908 3526 3915 3532 ,

934 3593 1065 3662 484
1122 3576 1324 3666 εὕδων
1372 3575 1686 3685 (εὗὸίαιιον
1734 3586 2018 3676 corrigit
2079 3586 2381 3658 thesauri
2433 3586 2663 3680 Steph.
2711 3585 2964 3680 editor)
3028 3586 3202 3656 inter
3249 3582 3671 3656 medicorum
3720 3607 3847 3679 ap-

922 3737 1231 3821 paratum
1283 3736 1614 3796 recenset.
1716 3726 1815 3795 De
1862 3724 2045 3795 lineo
2093 3721 2207 3793 filo
2260 3744 2429 3794 vero
2488 3724 2554 3792 in
2623 3722 2945 3815 clysterio
3013 3719 3318 3792 adhibito
3384 3742 3592 3794 nemo
3637 3722 3848 3816 quid-

916 3881 1147 3956 quam.
1253 3860 1391 3931 Sed
1455 3870 1765 3952 apertum
1826 3870 1942 3931 est
1976 3858 2258 3930 Paulum
2320 3869 2440 3929 aut
2506 3860 2868 3951 scripsisse
2932 3867 3052 3928 aut
3100 3867 3289 3927 certe
3341 3858 3526 3951 apud
3571 3861 3846 3931 Festum

920 3997 1177 4090 legisse
1230 3995 1365 4068 tale
1422 3991 1617 4089 qnid:
1692 3995 2046 4068 Eudieeon
2096 3998 2434 4085 Forma·
2496 4003 2704 4065 mo
2752 4003 2836 4064 ut
2873 3995 3132 4065 lineum
3179 3990 3397 4077 filum,
3471 3994 3658 4086 quod
3716 4006 3843 4066 cet.

922 4134 1152 4204 Simile
1198 4134 1631 4204 infortunium
1669 4134 1853 4205 Pauli
1894 4145 2015 4204 aut
2056 4143 2351 4204 mentem
2399 4147 2516 4206 aut
2566 4132 2784 4203 verba
2831 4129 3192 4221 occupavit
3235 4129 3303 4198 in
3353 4128 3587 4219 glossa
3623 4129 3848 4206 Lano-

919 4267 1161 4356 brigue
1211 4289 1270 4360 p.
1332 4271 1492 4353 448,
1550 4269 1664 4339 uhi
1713 4268 1871 4338 vide
1919 4268 2221 4340 Muelleri
2273 4280 2524 4341 notam.
2789 4339 2802 4344 -

1130 4427 1191 4496 p.
1244 4409 1358 4476 94.
1467 4407 1832 4499 ‘Fregellae
1878 4408 2074 4477 locus
2140 4407 2205 4476 in
2274 4406 2487 4490 Urbe,
2568 4406 2635 4474 in
2701 4424 2840 4498 quo
2902 4403 3195 4474 civitatis
3261 4402 3468 4490 faui:
3534 4402 3845 4498 hospites

919 4540 1437 4613 habitaverunt'.
1485 4582 1576 4593 —
1636 4542 1959 4614 Muellero
1995 4539 2197 4612 Feliis
2240 4567 2294 4613 s.
2333 4542 2535 4613 Fetus
2582 4561 2676 4612 ex
2718 4541 3129 4635 compendio
3174 4540 3563 4635 (Fregellis)
3619 4553 3844 4616 ortum

916 4677 1265 4760 censenti,
1322 4686 1529 4769 atque
1579 4680 1787 4752 Paulo
1839 4677 2262 4751 senescentis
2313 4678 2692 4750 intimus
2742 4679 3057 4772 scriptori
3101 4678 3286 4749 hanc
3336 4677 3680 4752 scribendi
3732 4702 3846 4751 ra-

916 4813 1205 4884 tionem:
1277 4811 1569 4883 civitatis
1618 4813 1978 4906 Fregellis,
2050 4791 2401 4911 imputanti
2463 4817 2704 4888 obstat
2747 4816 2916 4900 hoc,
2977 4815 3166 4910 quod
3231 4816 3380 4887 eius
3457 4815 3842 4888 soloecismi

922 4951 1206 5022 alterum
1252 4950 1640 5044 exemplum
1693 4953 1873 5045 apud
1929 4956 2203 5027 Paulum
2266 4953 2583 5047 quamvis
2631 4953 2736 5024 sui
2785 4952 3042 5025 saecufi
3102 4952 3308 5042 genio
3373 4949 3839 5041 indulgentem
