4842 6059
1228 1957 1455 2073 auum
1502 2017 1724 2092 nuper
1767 2016 1861 2069 ex
1906 1994 2149 2066 itinere
2192 1990 2415 2066 redux
2470 1990 2563 2065 ad
2612 2000 2947 2066 consueta
3009 1992 3314 2068 muneris
3356 1988 3578 2064 officia
3623 1989 3936 2081 redirem,

1015 2138 1309 2233 primum
1355 2134 1570 2208 oblati
1617 2137 1797 2207 sunt'
1837 2129 2102 2204 indices
2156 2127 2550 2203 scholarum
2595 2127 2668 2199 in
2718 2127 3165 2201 universitate
3221 2137 3464 2202 nostra
3506 2150 3688 2202 anno
3734 2149 3945 2225 prae-

1013 2274 1221 2349 terito
1284 2272 1702 2355 habitarum,
1774 2267 1893 2363 qui
1941 2287 2081 2363 quo
2133 2266 2357 2340 serius
2407 2266 2480 2335 in
2529 2262 2890 2337 doctorum
2952 2262 3302 2336 hominum
3349 2286 3590 2375 manus
3636 2266 3937 2353 veniunt,

1016 2431 1109 2483 eo
1165 2409 1389 2503 magis
1453 2404 1839 2480 cavendum
1910 2415 2092 2490 erat,
2168 2398 2268 2478 ne'
2331 2403 2699 2477 litterariae
2775 2401 2961 2475 dotis
3031 2422 3321 2496 prorsus
3381 2402 3624 2476 inanes
3684 2412 3940 2476 esseut·

1014 2548 1255 2642 ltaque
1296 2544 1702 2637 urgentibus
1754 2541 1909 2615 aliis
1959 2540 2287 2634 negotiis,
2358 2560 2448 2612 ne
2491 2561 2688 2613 mora
2738 2539 2872 2612 ulla
2916 2538 3498 2631 interponeretur,
3549 2558 3642 2610 ex
3685 2540 3944 2633 paratis

1016 2681 1240 2777 copiis
1284 2681 1617 2775 prooemii
1667 2688 2145 2771 argumentum
2191 2674 2641 2772 repetendum
2681 2686 2857 2749 erat.
2959 2676 3151 2761 Quae
3202 2698 3297 2750 ex
3340 2674 3623 2749 assiduo
3672 2698 3803 2751 usu
3848 2676 3942 2750 ad

1013 2818 1200 2890 Festi
1263 2817 1588 2911 Paulique
1656 2818 2038 2910 marginem
2099 2821 2381 2887 enotata
2442 2811 2821 2899 habebam,
2897 2832 3325 2907 quorumque
3393 2785 3746 2908 specimen
3813 2814 3943 2887 ali-

1018 2951 1210 3045 quod
1276 2952 1346 3022 in
1398 2951 1732 3042 Philologi
1780 2952 1915 3022 vol.
1969 2951 2086 3022 XII
2140 2973 2203 3045 p.
2257 2952 2401 3023 200
2461 2971 2521 3021 a.
2578 2945 2771 3023 ⁴857
2830 2949 3255 3044 propositum
3312 2959 3452 3036 est,
3517 2972 3658 3023 non
3722 2951 3815 3024 ab
3868 2973 3946 3024 re

1015 3085 1239 3158 visum
1288 3106 1470 3157 nunc
1520 3086 1769 3179 publici
1814 3084 1979 3158 iuris
2028 3086 2277 3157 facere.
2363 3086 2540 3157 Nam
2585 3096 2862 3179 praeter
2913 3084 3200 3157 vulnera
3240 3086 3311 3155 in
3359 3086 3589 3158 lacero
3634 3086 3747 3159 iuo
3783 3107 3945 3160 cor-

1017 3239 1193 3314 pore
1248 3218 1518 3304 hiantia,
1566 3241 1747 3315 quae
1801 3242 1890 3293 ne
1937 3220 2265 3314 Scaligeri
2315 3219 2592 3315 quidem
2641 3222 3002 3316 Ursinique
3054 3222 3560 3317 persanabunt,
3610 3227 3944 3300 naevulos

1013 3366 1131 3429 sat
1174 3355 1427 3430 multos
1478 3358 1893 3430 novissimus
1940 3357 2168 3430 editor
2218 3356 2501 3452 reliquit,
2551 3358 2669 3452 qui
2720 3366 3049 3430 attentum
3096 3360 3422 3431 lectorem
3479 3359 3840 3434 offendant
3872 3373 3986 3436 et·

1015 3493 1350 3565 mediocri
1387 3492 1696 3565 acumine
1732 3494 1872 3566 tolli
1918 3495 2204 3589 possint.
2311 3494 2514 3581 Quod
2551 3499 2617 3568 in
2653 3495 3064 3590 quibusdum
3098 3516 3188 3567 ex
3224 3495 3360 3568 hoc
3393 3516 3655 3588 genere
3690 3498 3747 3571 si
3782 3498 3945 3570 mibi

1015 3630 1394 3726 contigisse
1442 3630 1638 3725 periti
1691 3627 1933 3702 harum
1982 3652 2210 3704 rerum
2258 3629 2520 3704 iudices
2570 3630 2986 3716 censebunt,
3037 3652 3296 3726 operae
3349 3634 3640 3726 pretium
3691 3636 3942 3708 fecisse
4025 3645 4032 3656 ‘

1015 3764 1328 3839 videbor.

1223 3900 1407 3974 Paul.
1456 3923 1519 3995 p.
1574 3903 1618 3971 6
1668 3899 1890 3972 Muell.
1945 3899 2179 3994 ‘Algeo
2224 3921 2316 3973 ex
2366 3922 2624 3993 graeco
2680 3895 2895 3996 ἀλγῶ
2938 3900 3234 3990 ducitur,
3291 3902 3363 3976 id
3408 3915 3518 3978 est
3560 3904 3799 3990 doleo,
3870 3889 3945 3984 ut

1017 4038 1107 4111 sit
1136 4038 1354 4130 frigus
1389 4035 1592 4109 dolor
1624 4037 1902 4131 quidam
1938 4037 2402 4111 membrorum
2430 4037 2660 4131 rigore
2678 4038 3055 4108 conectat.
3075 4077 3172 4091 —-
3195 4036 3617 4134 (conlocate
3651 4041 3947 4115 coniecit

1012 4149 1472 4247 Doederlinus
1523 4176 1802 4269 Synom.
1851 4174 1921 4245 T.
1969 4173 2055 4245 111
2102 4196 2164 4267 p.
2215 4174 2362 4269 90.)
2419 4214 2519 4228 -
2567 4176 2822 4248 Notum
2866 4186 2975 4250 est
3023 4198 3063 4248 a
3133 4180 3358 4272 poetis
3429 4177 3564 4252 dici
3614 4179 3942 4272 colligere

1014 4308 1268 4403 frigus,
1334 4311 1541 4396 sitim,
1598 4310 1889 4397 rabiem,
1949 4309 2212 4399 odium,
2274 4333 2416 4385 non
2466 4334 2638 4386 vero
2688 4311 3021 4386 dolorem.
3115 4303 3406 4386 Codices
3459 4323 3687 4387 autem
3730 4338 3937 4411 quum

1014 4444 1392 4518 exhibeant
1426 4445 1810 4536 coniectus,
1848 4449 2228 4543 praestabit
2261 4450 2529 4542 legere:
2567 4448 2769 4522 dolor
2791 4490 2894 4504 —
2927 4450 3324 4539 confectus,
3359 4451 3942 4545 quemadmodum

1015 4583 1508 4658 sollicitudines
1557 4584 1902 4659 conficere
1952 4586 2203 4660 dicunt.
2310 4587 2458 4659 Ter.
2508 4585 2716 4658 Andr.
2775 4584 2838 4673 4,
2900 4588 2957 4671 1,
3011 4585 3127 4658 26.
3927 4681 3934 4688 ·

1223 4743 1288 4814 p.
1348 4716 1461 4794 57.
1562 4720 1953 4794 ‘Claudiana
2023 4725 2323 4797 tonitrua
2395 4723 2946 4818 appellabantur,
3021 4723 3182 4816 quia
3263 4723 3583 4799 Claudius
3652 4723 3943 4798 Pulcher

1012 4854 1332 4942 instituit,
1395 4864 1471 4927 ut
1519 4854 1697 4930 ludis
1747 4869 1911 4952 post
1960 4879 2240 4933 scenam
2286 4860 2616 4931 collectan
2662 4856 2960 4953 lapidum
3008 4856 3104 4929 ita
3153 4854 3385 4946 fieret,
3455 4869 3528 4931 ut
3571 4858 3717 4930 veri
3761 4862 3945 4932 toni-

1012 5006 1164 5070 trus
1210 4992 1713 5069 similitudinem
1764 4995 2159 5070 imitaretur.
2255 4998 2427 5070 Nam
2475 5006 2677 5069 antea
2727 4995 2921 5067 leves
2971 4993 3340 5069 admodum
3386 5003 3460 5065 et
3509 4994 3706 5088 parvi
3753 4995 3943 5068 soni-

3377 5127 3444 5181 10
