4842 6059
2099 747 2682 854 .-9’“’

967 943 1187 1018 dilue
1224 949 1479 1019 latente
1529 947 1922 1039 suspicatus
1972 968 2122 1019 sum
2175 943 2335 1041 (Die
2372 947 2907 1022 Citiermethode
2954 974 3015 1022 ιι.
3052 949 3738 1046 Quellenbenutzung
3783 955 3913 1030 des

959 1082 1217 1160 Gellius
1264 1103 1329 1175 p.
1378 1080 1479 1151 66
1491 1078 1562 1176 4)
1609 1083 1866 1154 reiecta
1912 1080 2094 1152 volo.

1178 1238 1243 1309 p.
1297 1212 1492 1300 238⁵,
1548 1218 1664 1291 28.
1763 1212 2127 1287 ‘Publicius
2177 1214 2395 1289 clivus
2447 1220 2858 1313 appellatur,
2929 1238 3136 1312 quem
3201 1215 3344 1290 duo
3412 1220 3658 1294 fratres
3701 1221 3773 1296 L.
3819 1221 3910 1294 M.

956 1350 1215 1424 Publici
1285 1348 1583 1422 Malleoli
1646 1347 1929 1422 Aediles
1991 1350 2143 1422 Cur.
2208 1354 2533 1444 pecuaris
2602 1352 3079 1426 condemnatis
3145 1373 3240 1424 ex
3309 1337 3636 1446 pecunia,
3703 1377 3910 1449 quam

959 1495 1307 1580 coeperat,
1355 1487 1787 1569 munierunt?
1819 1494 1891 1555 ut
1936 1482 2007 1552 in
2056 1482 2469 1558 Aventinum
2522 1486 2856 1560 vehiculis
2904 1486 3093 1558 Velia
3149 1488 3368 1558 veniri
3413 1490 3675 1582 possit'.

1184 1620 1561 1693 Muellerus
1596 1619 1915 1693 Ursinnm
1966 1630 2282 1692 secutus:
2346 1629 2710 1713 ceperant.
2809 1616 2956 1691 Sed
2996 1618 3260 1693 codicis
3305 1623 3688 1716 scripturae
3738 1611 3952 1700 con—'

957 1756 1344 1826 venientius
1393 1774 1619 1847 neque
1673 1775 1715 1823 a
1764 1774 1841 1823 re
1890 1754 2187 1825 alienum
2235 1755 2397 1826 erit:
2466 1764 2865 1847 coegerant.
2964 1754 3103 1826 Liv.
3162 1757 3285 1840 40,
3356 1758 3483 1841 23,
3557 1760 3648 1829 43
3695 1768 3769 1829 et
3813 1760 3910 1833 ab

957 1885 1296 1959 aeffilibus
1347 1886 1635 1980 plebeiis
1681 1923 1783 1944 -—·
1834 1907 1926 1958 ex
1992 1881 2358 1970 multaticia
2428 1890 2587 1960 item
2658 1889 2983 1982 pecunia,
3064 1859 3269 1981 quam
3337 1902 3726 1982 exegerunt
3781 1914 3913 1987 pe-

956 2023 1205 2095 cuariis
1255 2019 1663 2095 damnatis*
1706 2023 1896 2095 Varr.
1934 2022 2025 2094 de
2062 2024 2100 2092 l.
2137 2024 2207 2093 Ι..
2259 2024 2333 2106 V,
2396 2018 2541 2096 477
2596 2021 2807 2096 Multa
2855 2022 3143 2116 pecnnia
3194 2043 3380 2117 quae,
3419 2045 3466 2096 a
3501 2025 3910 2116 magistratu

958 2155 1140 2229 dicta
1194 2167 1269 2228 ut
1319 2158 1503 2249 exigi
1559 2167 1804 2251 posset
1852 2156 1947 2226 ob
2005 2167 2381 2250 peecatum.
2432 2194 2530 2212 -—
2575 2156 2676 2227 De
2724 2155 3043 2247 cogenda
3090 2158 3381 2250 pecnnia
3428 2159 3509 2229 cf.
3561 2158 3800 2230 lexica.

1163 2314 1226 2386 p.
1278 2293 1472 2376 253⁸,
1529 2285 1594 2363 7.
1689 2290 1909 2374 ‘Pr-ox,
1962 2291 2151 2362 bona
2202 2311 2362 2373 vox,
2415 2289 2606 2361 velut
2657 2288 2932 2383 quidam
2980 2288 3547 2384 praesignificare
3597 2288 3906 2366 videtur‘.

952 2462 1053 2482 —
1103 2426 1328 2499 Ursini
1376 2427 1777 2498 coniectura
1824 2423 2019 2492 velta
2058 2403 2354 2516 quidum
2392 2434 2706 2515 putant,
2771 2425 3197 2517 significare
3233 2425 3524 2498 uatem
3567 2446 3711 2502 non
3763 2425 3908 2500 tolli

951 2559 1329 2633 verborum
1377 2560 1871 2633 obscuritatem
1923 2572 2112 2633 recte
2162 2561 2498 2633 observat
2531 2560 2919 2634 Muellerus.
3018 2560 3137 2632 Cui
3189 2569 3415 2631 tamen
3454 2579 3594 2632 non
3630 2558 3905 2636 obtem-

948 2693 1331 2790 perandum
1367 2695 1702 2790 pergenti,
1752 2696 1967 2768 Paulo
2016 2706 2417 2789 comparato
2469 2696 2830 2800 probabile
2885 2692 3054 2781 fieri,
3107 2695 3435 2770 nonnulla
3470 2692 3906 2768 intercidisse

948 2832 1131 2903 inter
1168 2831 1363 2899 velue
1405 2843 1478 2902 et
1521 2828 1831 2922 quidam.
1940 2831 2194 2904 Paulus
2240 2831 2428 2902 enim
2474 2828 2565 2901 de
2620 2850 2750 2904 suo
2793 2828 3093 2915 addidit,
3169 2836 3254 2900 ut
3311 2828 3637 2916 aem,
3688 2828 3906 2920 quasi

936 2962 1181 3058 proba
1229 2985 1403 3034 vom.
1506 2966 1764 3037 Verum
1835 2962 2097 3035 vidisse
2163 2963 2437 3036 videtur
2488 2964 2872 3038 Huscbkius
2921 2986 3065 3062 pro
3132 2962 3412 3056 qnidam
3476 2963 3908 3044 substituens

951 3095 1323 3188 quiddam
1455 3095 1868 3170 Addondnm
1933 3097 2053 3181 iis,
2126 3117 2305 3190 qnae
2363 3096 2756 3213 Lobeckins
2817 3094 3295 3216 Agloopbamo
3362 3096 3432 3168 Τ.
3503 3101 3561 3168 4.
3635 3118 3701 3190 p.
3751 3091 3900 3170 775

948 3231 1075 3303 rite
1126 3232 1516 3324 composuit
1568 3218 2017 3325 condiditque
2064 3232 2409 3324 sepulcro.

1154 3387 1217 3457 p.
1304 3361 1514 3448 266⁵,
1573 3367 1687 3436 30.
1778 3372 2065 3459 ‘eosque
2132 3366 2345 3438 multo
2423 3384 2678 3436 errore.
2740 3365 3127 3436 nominatos
3195 3362 3642 3454 Aborigines,
3715 3383 3900 3457 quo—

946 3519 1094 3570 rum
1194 3500 1482 3572 subiecti
1582 3501 1700 3593 qui
1797 3501 2046 3571 fuerint
2142 3500 2666 3593 Caeximparnm
2770 3500 2898 3570 viri
2923 3555 2940 3585 ‚
3057 3500 3548 3591 unicarumque
3653 3498 3898 3572 virium

942 3634 1233 3726 imperio
1278 3644 1581 3705 montem
1636 3634 1978 3718 Palatium,
2034 3637 2101 3704 in
2134 3655 2281 3729 quo
2324 3633 2855 3736 frequentissimi
2904 3632 3380 3716 consederint,
3435 3632 3900 3726 appeflavisse

942 3787 987 3837 a
1047 3766 1313 3838 viribus
1365 3769 1675 3860 regentis
1707 3768 2119 3840 Valentiam:
2169 3807 2270 3823 -
2307 3772 2340 3840 ⁹.
2445 3769 2671 3841 Locus
2705 3789 2746 3839 a
2796 3769 3022 3840 multis
3060 3777 3377 3840 tentatus.
3478 3766 3894 3840 Niebubrius

840 3999 855 4014 '
941 3901 1012 3971 Τ.
1067 3903 1127 3970 4.
1183 3923 1245 3995 p.
1298 3903 1486 3973 2⁴8:
1586 3884 1749 3973 Caci
1811 3902 2107 3997 improbi
2160 3904 2282 3975 viri
2348 3905 2843 3996 micarumque
2903 3904 3184 3990 virium,
3254 3901 3446 3995 quod
3489 3902 3675 3973 Festi
3728 3920 3894 3972 sen-

939 4037 1198 4108 tentiae
1266 4037 1988 4109 convenientissimum
2036 4037 2406 4110 Muellerus
2487 4029 2715 4109 habet.
2817 4038 2973 4108 Non
3044 4037 3378 4110 satisfecit
3423 4047 3654 4109 tamen
3701 4036 3895 4107 Prel-

942 4174 1097 4244 lero
1111 4171 1499 4266 (Regionen
1529 4189 1587 4264 p.
1625 4171 2814 4266 ⁴52)‚qui1espiciensDiod.lV‚24
2864 4171 3039 4242 ‘Caci
3060 4171 3393 4242 etPinarii
3419 4173 3758 4242 unitarum
3785 4170 3896 4240 vi·-

938 4307 1112 4381 rium
1128 4306 1434 4399 imperio’
1463 4308 1842 4400 proposuit.
1896 4306 2037 4379 Sed
2066 4306 2302 4380 obstat
2318 4305 2596 4378 duobus
2615 4306 3012 4378 nominibus
3034 4305 3148 4399 qui
3176 4305 3485 4396 sequitur
3511 4305 3889 4394 genitivus:

938 4441 1264 4534 regentis,
1284 4439 1541 4513 deinde
1556 4442 1904 4514 unicarum
1919 4442 2162 4514 virium
2178 4440 2533 4535 epitheton
2546 4440 2754 4512 Festo
2771 4442 3119 4534 proprium
3137 4440 3306 4532 μ23Δ
3320 4438 3896 4531 propterunioem

935 4578 1446 4650 humanitatem.
1485 4597 1545 4670 p.
1578 4578 1752 4661 2⁴2,
1801 4580 1887 4647 40
1927 4585 2213 4670 propter
2244 4576 2534 4669 liquoris
2566 4574 2718 4646 eius
2756 4573 3024 4682 unicam
3060 4571 3520 4646 subtilitatem
3559 4569 3892 4654 3221248

942 4710 1484 4804 Sardanapallus
1559 4733 1685 4782 rex
1731 4707 2173 4804 Assyriorum
2228 4710 2354 4783 fuit
2403 4711 2649 4782 unicae
2698 4673 3028 4784 luxuriae.
3085 4704 3302 4793 354³,
3356 4709 3452 4784 32
3499 4716 3696 4798 rapta
3743 4703 3890 4774 vir-

941 4849 1107 4938 gim
1150 4845 1394 4918 unicae
1431 4845 1846 4939 pmlchritu-
1810 4844 2047 4918 -dinis
2101 4841 2295 4930 355⁵,
2347 4842 2444 4919 24
2490 4845 2670 4917 unici
2721 4840 2936 4926 studi;
2987 4840 3172 4918 adde
3214 4865 3277 4937 p.
3317 4845 3484 4925 345,
3537 4835 3578 4907 4
3618 4838 3894 4929 Strigo-

935 5002 1054 5054 res
1108 4979 1481 5054 densarum
1551 4981 1795 5054 virium
1868 4943 2203 5054 homines.
2308 4981 2389 5051 cl'.
2447 4980 2650 5051 eliam
2701 4978 3014 5050 Verrium
3067 4979 3384 5051 Flaccm
3440 4969 3632 5067 apud
3692 4973 3884 5112 Serv

3335 5106 3372 5158 ι
