4842 6059
1238 1950 1465 2065 fluum
1511 2009 1734 2084 nuper
1777 2009 1871 2062 ex
1916 1987 2158 2060 itinere
2202 1984 2425 2060 redux
2479 1984 2573 2059 ad
2623 1995 2956 2060 consueta
3019 1987 3324 2062 muneris
3366 1984 3589 2058 officia
3633 1984 3946 2075 redirem,

1025 2131 1318 2226 primum
1365 2126 1579 2200 oblati
1627 2129 1807 2199 snnt'
1847 2123 2111 2198 indices
2166 2122 2560 2197 scholarum
2604 2122 2678 2194 in
2727 2122 3176 2196 universitate
3231 2131 3473 2195 nostra
3516 2143 3698 2196 anno
3744 2145 3955 2219 prae-

1023 2267 1231 2341 terito
1292 2264 1712 2348 habitarum,
1784 2262 1902 2356 qui
1950 2282 2090 2355 quo
2142 2260 2367 2334 serius
2416 2260 2487 2331 in
2539 2257 2900 2332 doctorum
2961 2257 3312 2334 hominum
3359 2280 3599 2369 uranus
3646 2260 3948 2348 veniunt,

1025 2422 1119 2475 eo
1175 2401 1399 2494 magis
1462 2396 1849 2472 cavendum
1920 2408 2101 2484 erat,
2178 2403 2267 2471 ne
2341 2397 2709 2470 litterariae
2784 2395 2969 2470 dotis
3040 2416 3330 2492 prorsus
3390 2396 3634 2470 inanes
3695 2407 3951 2470 essent.

1022 2540 1264 2632 Itaque
1306 2535 1712 2628 urgentibus
1765 2533 1917 2607 aliis
1967 2534 2296 2626 negotiis,
2366 2555 2458 2605 ne
2498 2555 2699 2606 mora
2747 2534 2881 2606 ulla
2927 2533 3507 2627 interponeretur,
3559 2553 3652 2605 ex
3695 2535 3955 2628 paratis

1025 2672 1250 2769 copiis
1294 2673 1626 2767 prooemii
1676 2679 2154 2763 argumentum
2200 2668 2649 2765 repetendum
2699 2680 2868 2743 erat.
2969 2670 3161 2755 Quae
3212 2693 3305 2744 ex
3350 2669 3633 2745 assiduo
3681 2694 3813 2747 usu
3859 2671 3968 2746 ad*

1023 2809 1210 2882 Festi
1272 2808 1599 2903 Paulique
1664 2810 2047 2902 marginem
2108 2815 2392 2880 enotata
2450 2806 2831 2893 habebam,
2906 2828 3335 2903 quorumque
3403 2781 3757 2903 specimen
3823 2810 3954 2884 ali-

1025 2944 1215 3040 quod
1283 2944 1354 3014 in
1407 2945 1740 3036 Philologi
1789 2945 1923 3016 vol.
1978 2945 2095 3016 XII
2149 2945 2410 3039 p.-200
2470 2965 2529 3015 a.
2588 2939 2780 3016 ⁴857
2839 2945 3266 3038 propositum
3321 2955 3461 3030 est,
3527 2966 3669 3018 non
3733 2946 3824 3018 ab
3878 2968 3954 3019 re

1022 3079 1247 3152 visum
1295 3099 1479 3151 nunc
1528 3080 1778 3172 publici
1822 3079 1988 3153 iuris
2036 3080 2286 3152 facere.
2372 3080 2550 3151 Nam
2594 3089 2872 3172 praeter
2923 3078 3212 3150 vulnera
3250 3079 3321 3148 in
3370 3081 3599 3153 lacero
3644 3081 3758 3153 illo
3793 3102 3956 3154 cor-

1024 3234 1201 3307 pore
1256 3213 1528 3298 hiantia,
1577 3235 1757 3308 quae
1810 3236 1899 3286 ne
1946 3215 2273 3308 scaligeri
2324 3214 2601 3308 quidem
2650 3215 3013 3310 Ursinique
3064 3217 3570 3310 persanabunt‚
3619 3221 3955 3294 naevnlos

1023 3361 1139 3423 sat
1184 3350 1437 3425 multos
1486 3351 1903 3424 novissimus
1950 3351 2178 3424 editor
2228 3351 2510 3445 reliquit,
2561 3351 2677 3444 qui
2729 3360 3060 3424 attentum
3106 3353 3432 3425 lectorem
3488 3354 3849 3428 offendant
3882 3367 3996 3431 et·

1024 3487 1359 3559 mediocri
1396 3486 1706 3559 acumine
1742 3488 1883 3559 tolli
1928 3488 2213 3581 possint.
2320 3487 2523 3574 Quod
2560 3491 2628 3560 in
2663 3488 3074 3582 quibusdum
3109 3510 3199 3561 ex
3235 3487 3370 3562 hoc
3403 3510 3665 3581 genere
3700 3493 3759 3564 si
3791 3492 3955 3565 mihi

1025 3624 1404 3719 contigisse
1452 3624 1648 3719 periti
1702 3623 1942 3696 harum
1994 3645 2219 3697 rerum
2268 3622 2530 3697 iudices
2580 3623 2995 3709 censebunt,
3047 3646 3306 3720 operae
3361 3627 3648 3719 pretium
3703 3629 3952 3702 secisse
4033 3639 4042 3650 ‘

1025 3759 1338 3833 videbor.

1233 3894 1416 3968 Paul.
1466 3918 1529 3990 p.
1583 3898 1628 3966 6
1678 3894 1901 3969 Muell.
1955 3894 2189 3989 ‘Algeo
2234 3916 2326 3967 ex
2375 3915 2634 3986 graeco
2689 3887 2903 3988 αἷλγῶ
2948 3893 3243 3983 ducitur,
3302 3895 3371 3969 id
3420 3908 3528 3972 est
3572 3898 3811 3984 doleo,
3881 3882 3957 3978 ut

1026 4032 1116 4105 sit
1147 4032 1364 4125 frigus
1399 4031 1602 4104 dolor
1634 4031 1912 4126 quidam
1949 4031 2410 4104 membrorum
2438 4030 2669 4124 rigore
2686 4031 3064 4100 'coueom'.
3086 4071 3182 4084 —
3205 4029 3628 4128 (venheim
3661 4035 3956 4109 coniecit

1022 4143 1482 4241 Doederlinus
1533 4171 1812 4264 Synom.
1861 4169 1930 4240 T.
1979 4168 2065 4239 111
2110 4189 2173 4261 p.
2224 4168 2371 4264 90.)
2429 4207 2529 4222 —
2577 4169 2831 4242 Notum
2874 4179 2984 4274 est
3032 4192 3074 4242 a
3143 4173 3368 4265 poetis
3440 4171 3574 4245 dici
3625 4173 3952 4265 colligere

1024 4302 1277 4396 frigus,
1344 4305 1551 4392 sitim,
1607 4305 1899 4392 rabiem,
1958 4303 2221 4394 odium,
2284 4327 2426 4379 non
2476 4328 2647 4382 vero
2698 4305 3031 4380 dolorem.
3124 4297 3417 4380 Codices
3471 4317 3700 4380 autem
3741 4332 3949 4404 quum

1024 4438 1403 4512 exhibeant
1436 4440 1821 4531 ooniacum,
1858 4443 2239 4536 praestabit
2270 4444 2538 4536 legere:
2576 4441 2778 4515 dolor
2800 4483 2903 4497 —
2936 4443 3334 4533 confectae,
3370 4444 3952 4538 quemadmodum

1024 4578 1518 4653 sollicitudines
1567 4578 1913 4653 conficere
1962 4580 2212 4654 dicunt.
2319 4581 2468 4652 Ter.
2518 4578 2726 4654 Andr.
2784 4578 2847 4665 4,
2910 4582 2967 4664 1,
3020 4578 3138 4652 26.
3938 4675 3945 4682 1

1232 4737 1298 4808 p.
1357 4711 1471 4788 57.
1572 4714 1964 4792 ‘Claudiana
2033 4719 2332 4790 tonitrua
2404 4716 2956 4811 appellabantur,
3031 4716 3191 4810 quia
3273 4716 3593 4793 Claudius
3663 4717 3954 4793 Pulcher

1021 4848 1341 4936 institnit,
1404 4860 1480 4922 ut
1529 4849 1708 4923 ludis
1758 4862 1921 4946 post
1970 4873 2250 4927 scenam
2296 4854 2626 4925 consenc:
2670 4850 2970 4948 lapidum
3018 4849 3114 4923 ita
3163 4847 3394 4939 fieret,
3463 4864 3538 4926 ut
3581 4854 3728 4925 veri
3773 4856 3957 4927 toni-

1022 4999 1173 5066 trus
1220 4986 1722 5063 similitudinem
1774 4989 2168 5065 imitaretur.
2264 4992 2436 5065 Nam
2485 5000 2687 5063 antea
2737 4989 2931 5061 leves
2980 4986 3350 5062 admodum
3397 4998 3470 5060 et
3519 4989 3718 5084 parvi
3764 4990 3955 5063 soni-

3387 5121 3455 5175 10
