4842 6059
2154 725 2664 803 ..10-

941 936 1048 1010 ad.
1105 937 1178 1007 V:
1237 935 1313 1004 A.
1370 932 1547 1015 vm,
1601 926 1780 1003 204:
1886 929 2231 1000 Garanum
2289 929 2502 1000 fuisse
2573 937 2923 1021 pastorem
2989 949 3395 1017 magnarum
3456 932 3700 1006 virium
3765 933 3885 1025 qui

938 1070 1186 1141 cacum
1237 1063 1530 1145 adflixit;
1619 1062 1731 1157 (cf.
1780 1060 2053 1156 Maehly
2110 1063 2176 1131 in
2229 1060 2423 1133 Jahn.
2477 1060 2788 1132 Tabam.
2847 1063 3058 1135 ⁴852.
3107 1062 3248 1162 vol.
3293 1062 3515 1146 xvu1‚
3565 1031 3625 1157 ξ).
3686 1063 3882 1160 446.)

940 1201 1428 1294 ΟιιιειιιιιοῑπᾞιιιΦ
1461 1219 1524 1266 v.
1574 1193 1642 1267 d.
1689 1216 1818 1268 suo
1875 1198 2019 1268 iure
2070 1198 2138 1267 in
2182 1195 2563 1267 novissimo
2612 1194 2790 1266 libro
2841 1194 3064 1288 (Rom.
3101 1195 3384 1290 Mythol.
3444 1217 3504 1288 p.
3557 1195 3736 1291 643)
3790 1200 3882 1271 ad

930 1335 1282 1412 Niebuhrii
1372 1332 1781 1404 sententiam
1886 1352 1964 1403 se
2062 1330 2400 1424 applicuit.
2537 1329 2753 1400 Acute
2840 1328 3116 1422 quidem
3190 1329 3537 1404 Beckerus
3610 1329 3877 1404 Handb.

931 1469 997 1541 d.
1052 1479 1217 1540 rom.
1254 1465 1380 1536 Alt.
1418 1466 1489 1552 11,
1552 1470 1607 1536 l.
1663 1488 1726 1559 p.
1788 1466 1910 1539 ⁴2:
1965 1465 2298 1558 impurum
2342 1463 2470 1534 viri
2522 1464 3014 1555 unicarumque
3072 1464 3314 1538 virium
3366 1485 3492 1557 per
3538 1464 3878 1562 dittogra-

928 1601 1160 1697 phiam
1235 1609 1458 1674 ortum
1523 1621 1686 1672 esse
1755 1601 2178 1694 suspicatus,
2281 1597 2439 1669 Caci
2500 1598 2850 1669 unicarum
2919 1598 3158 1668 virium
3231 1599 3518 1691 imperio
3584 1597 3872 1671 refinxit.

929 1734 1071 1825 Sed
1121 1735 1431 1828 ‘improbi
1478 1734 1626 1805 viri’
1674 1733 2042 1824 genuinam
2086 1732 2499 1825 scripturam
2553 1714 2743 1804 esse'
2775 1752 2863 1803 eo
2916 1732 3137 1822 magis
3192 1730 3633 1816 credendum,
3683 1733 3878 1827 quod

924 1871 1019 1941 ita
1069 1869 1228 1941 Caci
1276 1867 1571 1941 nominis
1620 1867 2092 1958 interpretatio
2148 1868 2389 1938 Latina
2480 1865 2763 1950 accedit,
2806 1864 3388 1960 quemadmodum
3443 1864 3628 1959 apud
3677 1865 3870 1942 Auci.

925 2002 1015 2075 de
1068 2025 1167 2075 or.
1219 2024 1284 2094 g.
1336 2005 1411 2073 R.
1461 2003 1509 2088 ,6
1562 1999 1843 2089 legitur:
1905 2001 2143 2084 Caene,
2192 1999 2493 2072 Euandri
2545 2021 2810 2083 servae,
2864 2001 3207 2092 nequitiae
3259 2010 3600 2074 versutus.
3843 2103 3850 2104 f

1132 2158 1195 2227 p.
1248 2130 1442 2208 274⁶.
1548 2133 1769 2218 Quum
1832 2136 1901 2204 in
1969 2135 2256 2206 articulo
2312 2136 2739 2207 Ratumenna
2802 2144 3002 2228 porta
3072 2144 3470 2227 usurpatum
3524 2136 3615 2205 sit
3672 2135 3868 2206 mi-

911 2274 1217 2361 peratoea
1261 2268 1692 2352 vocabulum,
1744 2268 1813 2339 id
1867 2268 2088 2361 ipsum
2138 2267 2413 2346 videtur
2461 2270 2531 2338 iu
2566 2289 2778 2352 causa
2815 2269 3029 2340 fuisse
3055 2287 3188 2342 *cur
3225 2270 3447 2340 statim
3486 2249 3868 2342 subiectum

920 2403 1121 2473 suerit
1175 2403 1417 2473 lemma
1470 2403 1920 2496 Reciperatio.
2025 2405 2197 2474 Sunt
2242 2398 2428 2476 enim
2487 2404 2646 2475 eius
2699 2401 3223 2490 censuetudinis
3291 2404 3482 2496 plura
3553 2403 3864 2495 vestigia,

918 2555 1208 2630 quorum
1282 2558 1490 2609 unum
1562 2557 1789 2630 neque
1840 2536 2240 2608 Muellerum
2290 2538 2511 2621 latuit,
2587 2538 2701 2630 qui
2776 2535 2866 2608 ad
2926 2543 2987 2628 p.
3043 2534 3238 2622 344⁶,
3294 2531 3358 2610 ’7.
3412 2540 3455 2610 8
3514 2505 3870 2612 solemnia

918 2682 1232 2743 annotat:
1318 2669 1525 2742 ‘Haec
1581 2669 1925 2744 adduntur
1991 2672 2084 2743 ad
2150 2671 2395 2777 eadem
2450 2672 2728 2744 Catonis
2787 2672 3005 2744 verba
3053 2673 3153 2764 (in
3206 2670 3650 2764 praecedenti
3694 2674 3862 2744 arti-

915 2804 1101 2899 culo)
1158 2804 1610 2897 explicanda’.
1715 2804 2055 2877 Addenda
2090 2816 2318 2879 autem
2355 2817 2516 2879 sunt
2559 2806 2764 2879 haec:
2872 2828 2932 2899 p.
2993 2809 3058 2878 5.
3107 2804 3465 2877 Adolesoit
3513 2828 3556 2876 a
3589 2807 3858 2878 &aeco

913 2925 1241 3026 daddo-xa>
1297 2939 1365 3011 id
1423 2950 1534 3010 est
1586 2960 1914 3038 accresco
1973 2942 2179 3012 venit.
2286 2940 2483 3012 Unde
2535 2938 2706 3011 fiunt
2753 2938 3043 3020 adultus,
3097 2938 3552 3023 adulescens;
3620 2943 3858 3026 altaro,

911 3093 1017 3155 eo,
1071 3074 1260 3166 quod
1304 3075 1375 3142 in
1425 3074 1537 3142 illo
1585 3075 1764 3163 ignis
1818 3076 2178 3156 excrescit.
2215 3127 2230 3143 .
2269 3129 2283 3141 .
2326 3112 2420 3128 --
2472 3071 2726 3144 Altaria
2778 3084 2952 3155 sunt,
3007 3074 3075 3142 in
3111 3072 3363 3163 quibus
3419 3073 3555 3161 igni
3613 3073 3857 3150 adole-

908 3216 1037 3277 tur.
1159 3227 1222 3298 p.
1260 3193 1386 3276 ⁴6⁴.
1491 3206 1851 3276 Corculum
1915 3228 1955 3276 a
2018 3205 2231 3277 corde
2296 3183 2625 3278 dicebant
2690 3205 2946 3298 antiqui
2985 3200 3353 3278 'sollertem
3415 3217 3488 3276 et
3546 3218 3852 3281 acutum:

905 3338 1187 3411 Plautus
1244 3338 1313 3410 in
1367 3340 1645 3426 Casina;
1696 3341 1849 3430 Ego
1903 3361 2051 3410 sum
2121 3341 2313 3424 liber,
2365 3352 2492 3411 oet.
2544 3378 2640 3393 —
2690 3339 3006 3414 Casinam
3068 3339 3367 3411 fabulam
3420 3341 3697 3414 Plautus
3746 3345 3853 3412 in-

915 3473 1190 3566 scripsit
1242 3462 1335 3544 ab
1399 3475 1684 3547 ancillae
1759 3475 2036 3545 nomine
2093 3486 2220 3544 cet.
2272 3512 2370 3526 -
2421 3496 2484 3566 p.
2536 3476 2652 3548 62.
2703 3475 2913 3546 Clava
2966 3474 3076 3544 teli
3132 3494 3358 3565 genus
3409 3496 3544 3566 qua
3587 3477 3855 3552 Herou-

904 3608 1010 3679 les
1058 3606 1398 3680 utebatur.
1450 3575 1553 3662 ——2
1603 3608 1899 3679 Calones
1959 3609 2234 3680 militum
2301 3609 2484 3680 servi
2540 3607 2734 3693 dicti,
2807 3609 2990 3701 quia·
3041 3609 3304 3698 ligneas
3355 3609 3591 3684 clavas
3643 3633 3854 3702 gere-

894 3739 1106 3823 ·bant,
1180 3761 1361 3834 quae
1414 3742 1691 3814 Graeci·
1719 3741 1927 3819 κᾶλα
1982 3753 2251 3814 vocant.
2354 3743 2419 3814 Is
2465 3735 2742 3836 quoque
2793 3744 2909 3835 qui
2978 3742 3366 3816 huiusmodi
3436 3745 3575 3816 telo
3625 3747 3848 3830 utitur,

903 3876 1212 3963 clavator
1279 3877 1680 3969 appellatur.
1736 3915 1833 3929 --
1883 3899 1944 3970 p.
2011 3873 2125 3950 70.
2206 3878 2511 3949 Delioata
2582 3876 2904 3949 dicebant
2966 3876 3098 3948 diis
3161 3889 3604 3964 consecrata,
3670 3901 3850 3972 qnae

901 4030 1083 4082 nunc
1127 3981 1466 4083 dedicata.
1509 4049 1612 4064 —-
1654 4010 1994 4082 Dedicare
2055 4024 2285 4084 autem
2352 4017 2629 4106 proprie
2683 4022 2795 4083 est
2853 4010 3149 4084 dicendo
3214 4010 3520 4096 deferre,
3598 4014 3728 4090 ubi,
3761 4015 3844 4086 of.

901 4147 1252 4216 annotatio
1300 4145 1607 4218 Muelleri
1655 4167 1745 4216 ex
1780 4148 2103 4239 particula
2156 4153 2395 4216 matun
2437 4147 2817 4240 colligentis
2855 4145 3030 4218 haec
3062 4143 3536 4238 superioribus
3580 4146 3670 4220 ad
3715 4169 3848 4222 ex·-

898 4273 1308 4368 pediendam
1402 4280 1601 4351 verbi
1680 4281 2016 4371 originem
2109 4281 2472 4353 subiuncta
2548 4282 2822 4353 luisse.-
2899 4280 3322 4354 simillimum
3394 4283 3546 4353 eius
3619 4303 3844 4358 nexus

896 4412 1283 4501 exemplum
1365 4414 1586 4486 habes
1656 4438 1718 4509 p.
1789 4409 1905 4487 79.
2028 4416 2508 4488 Exterraneus
2571 4435 2661 4485 ex
2732 4415 2861 4486 alia
2929 4424 3133 4488 terra.
3200 4453 3302 4470 --
3369 4416 3843 4496 Exterraneus

896 4563 1169 4635 quoque
1218 4544 1477 4632 dieitur,
1529 4551 1642 4643 qui
1697 4561 1858 4622 ante
1909 4561 2179 4644 tempus
2225 4560 2429 4623 natus
2479 4550 2587 4622 vel
2640 4550 2867 4643 potins
2915 4550 3175 4622 eiectus
3209 4561 3321 4620 est
3362 4546 3574 4643 (quae
3609 4563 3841 4628 tamen

890 4676 1261 4752 Muellerus
1310 4697 1451 4754 non
1517 4683 1585 4752 in
1653 4706 1861 4757 unam
1910 4687 2218 4778 glossam
2263 4686 2661 4780 contraxit).
2765 4687 2845 4757 cs.
2901 4707 2964 4777 p.
3002 4686 3115 4758 20.
3225 4653 3540 4758 Arillator
3590 4688 3875 4772 coctio..

890 4813 1008 4905 qni
1059 4818 1265 4886 etiam
1315 4816 1510 4886 cocio
1560 4786 1981 4909 appellatur,-
2014 4820 2240 4892 dictus
2292 4811 2568 4892 videtur
2616 4841 2657 4892 a
2707 4840 2886 4892 voce
2915 4820 3235 4902 Graeca,
3285 4841 3465 4912 quae
3517 4830 3632 4892 est
3687 4815 3838 4919 αἶρε

887 4947 1068 5031 tolle,
1126 4950 1287 5042 quia
1337 4952 1647 5044 sewur
1690 4973 1992 5042 merces,
2066 4975 2157 5027 ex
2207 4956 2460 5049 quibus
2511 4954 2676 5049 quid
2720 4953 2982 5030 cadens
3029 4956 3250 5042 lucelli
3303 4955 3524 5046 possit
3575 4955 3832 5027 tollere.
