4842 6059
2243 679 2688 760 -6-

1204 906 1266 979 p.
1329 885 1487 957 406.
1593 883 1795 954 ‘ltalia
1850 880 2047 970 dicta,
2099 885 2288 980 quod
2339 907 2632 980 magnos
2679 887 2919 971 italos,
2979 888 3112 958 boc
3161 897 3272 958 est
3321 887 3578 972 boves,
3649 886 3922 959 habeat.

1001 1020 1201 1095 vituli
1251 1021 1501 1094 etenim
1555 1019 1645 1091 ab
1702 1020 1886 1092 Italis
1940 1020 2075 1093 itali
2144 1033 2303 1094 sunt
2361 1022 2541 1095 dicti.
2637 1023 2823 1096 Italia
2871 1022 2962 1096 ab
3010 1022 3178 1094 Italo
3246 1041 3432 1113 rege.
3531 1020 3793 1094 Eadem
3833 1020 3926 1094 ab

993 1158 1151 1230 Atte
1191 1156 1386 1251 Lydo
1428 1154 1607 1250 Atya
1657 1165 1929 1249 putatur
1984 1159 2361 1252 appellata&
2399 1198 2500 1213 —
2547 1159 2911 1238 Praestare
2966 1160 3242 1233 videtur
3292 1157 3481 1254 quod
3525 1156 3716 1229 dedit
3762 1158 3928 1230 Lin-

994 1294 1378 1392 domanam
1428 1311 1493 1385 p.
1548 1285 1676 1364 79:
1724 1292 1943 1363 witulfi
1994 1293 2245 1365 etenim
2296 1294 2385 1366 ab
2431 1297 2618 1368 nans
2662 1308 2821 1369 sunt
2866 1295 3063 1382 diou’,
3115 1317 3271 1369 nam
3305 1275 3735 1380 voeabutum,
3783 1315 3924 1389 quo

994 1429 1332 1504 sententia
1381 1426 1712 1499 Muellero
1759 1427 1981 1500 iudice
2036 1451 2278 1502 carere
2327 1443 2643 1527 nequeat,
2697 1434 3010 1526 quamvis
3062 1433 3256 1507 facile
3309 1444 3592 1530 propter
3642 1442 3926 1504 antece*

992 1565 1170 1638 dens
1220 1562 1437 1634 lutee
1480 1564 1831 1650 exciderit,
1886 1567 2052 1638 boni
2104 1565 2308 1642 codd.
2361 1568 2692 1641 omittunt.
2799 1571 2945 1642 Iam
3003 1572 3314 1665 sequitur
3370 1570 3582 1642 altera
3616 1571 3924 1663 origina-

993 1703 1123 1788 tio,
1194 1723 1375 1798 quae
1425 1710 1614 1774 recte
1677 1699 1918 1787 babet,
1992 1702 2059 1772 in
2128 1706 2329 1775 tertia
2377 1702 2676 1798 denique
2726 1705 2944 1796 Atye,
2998 1704 3186 1799 quod
3250 1727 3428 1777 unus
3479 1703 3924 1778 Monacensis

990 1839 1312 1935 praebet,
1369 1837 1609 1934 reliqui
1655 1840 1996 1925 omittunt,
2054 1841 2278 1913 locum
2331 1840 2504 1912 tueri
2556 1861 2692 1911 non
2746 1852 3004 1936 potest,
3074 1843 3395 1936 quoniam
3444 1841 3533 1913 ab
3580 1840 3662 1914 iis
3711 1839 3919 1925 sonis,

991 1943 1256 2074 (ltalia)
1329 1973 1445 2067 qui
1516 1993 1668 2045 cnm
1733 1973 2063 2060 Attelido,
2128 1976 2166 2045 i.
2234 1995 2293 2045 e.
2345 1974 2503 2046 Atte
2557 1974 2750 2070 Lydo
2811 1986 3233 2069 congruunt,
3304 1978 3578 2070 longius
3639 1976 3918 2060 recedit,

989 2109 1438 2207 quamobrem
1496 2118 1569 2180 ut
1618 2108 1776 2180 Atta
1822 2107 2017 2203 Lydo
2075 2109 2417 2182 scribatur
2468 2133 2646 2206 opus
2693 2111 2982 2184 videtur.

1206 2267 1267 2340 p.
1325 2247 1483 2318 408.
1589 2243 2092 2338 ’(Ξοωρίυνίιιω,
2140 2267 2276 2338 quo
2325 2246 2417 2319 de
2464 2246 2759 2320 diversis
2808 2248 3006 2318 tectis
3058 2267 3237 2342 aqua
3282 2250 3596 2342 pluvialis
3643 2246 3923 2321 confluit

991 2385 1064 2455 in
1117 2378 1416 2455 eundem
1468 2380 1730 2454 locum'.
1766 2421 1868 2436 —-
1923 2391 2103 2475 ‘qum
2156 2383 2366 2454 Guell'.
2417 2404 2529 2475 vg.
2581 2387 2793 2474 quod.
2844 2384 3030 2482 Pqpli
3085 2381 3238 2456 cod.
3291 2384 3555 2456 Monac.
3649 2385 3736 2455 At
3785 2383 3920 2457 boc

991 2520 1377 2595 sententiae
1427 2538 1567 2591 non
1619 2518 1957 2590 convenit.
2014 2535 2160 2611 qu·
2202 2520 2379 2590 coni.
2427 2519 2754 2604 Gothol’r.,
2807 2517 3011 2613 idque
3064 2519 3318 2613 optime
3374 2519 3690 2613 placeret,
3743 2520 3800 2592 si
3851 2520 3919 2591 in

833 2739 837 2750 ¹
990 2656 1194 2729 codd.
1265 2658 1494 2730 esset‘.
1594 2653 1814 2725 Muell.
1930 2654 2386 2727 scribendum
2459 2666 2604 2739 est,
2685 2654 2742 2726 si
2805 2655 2970 2728 nihil
3021 2657 3263 2750 culpae
3310 2655 3558 2729 Paulus
3629 2653 3917 2740 admisit,

990 2794 1220 2883 quod,
1296 2810 1435 2862 non
1485 2789 1920 2863 referendum
1963 2789 2125 2861 illud
2177 2789 2266 2862 ad
2316 2792 2804 2883 compluvium,
2881 2790 3005 2863 sed
3056 2812 3195 2885 quo
3244 2813 3456 2865 causa
3514 2790 3921 2864 denomina-

989 2925 1196 2998 tionis
1259 2923 1606 2998 reddatur.

1200 3083 1264 3155 p.
1327 3062 1485 3130 443.
1592 3060 1875 3132 ‘Inlicies
1920 3058 2221 3154 (inlices)
2277 3059 2586 3142 canales,
2643 3060 2938 3150 in.quos
2987 3082 3164 3153 aqua
3212 3059 3491 3131 confluit
3533 3063 3599 3128 in
3647 3061 3773 3130 viis
3815 3060 3919 3131 la-

991 3195 1151 3291 pide
1201 3195 1448 3280 stratis,
1498 3194 1588 3266 ab
1641 3195 1985 3265 eliciendo
2032 3194 2209 3267 dicti.

1199 3332 1597 3408 inlecebrae
1648 3333 1805 3404 item
1860 3331 1949 3403 ab
1998 3329 2339 3402 illiciendo
2384 3329 2647 3402 dictae’.

988 3472 1142 3543 Non
1204 3468 1484 3542 dubium
1553 3477 1783 3562 potest
1844 3487 2044 3554 esse,
2121 3466 2282 3560 quin
2358 3466 2425 3535 in
2499 3464 2732 3557 priore
2800 3463 3034 3555 glossa
3114 3461 3548 3572 scribendum
3625 3469 3744 3538 sit:
3823 3467 3915 3538 ab

988 3604 1350 3675 illidendo
1392 3603 1574 3689 dicti,
1629 3612 1701 3674 ut
1749 3602 1937 3697 quod
1990 3603 2054 3673 in
2113 3602 2326 3673 altera
2385 3601 2728 3694 sequitur:
2769 3600 2939 3670 item
3009 3595 3136 3671 sibi
3174 3612 3460 3673 constet.
3507 3604 3586 3673 cf.
3639 3623 3700 3695 p.
3759 3601 3914 3673 444.

988 3743 1260 3815 Illicinrn
1306 3740 1568 3825 dicitnr,
1616 3760 1823 3834 quum
1871 3738 2163 3832 populus
2214 3736 2303 3808 ad
2349 3736 2752 3808 concionem
2801 3735 3081 3806 elicitur.
4030 3718 4043 3731 ’

1197 3900 1260 3971 p.
1307 3879 1467 3950 445.
1572 3876 1909 3947 ‘Lenones
1966 3873 2053 3945 ab
2111 3871 2472 3944 alliciendo
2521 3870 3076 3943 adulescentulos
3130 3869 3484 3964 appellati'.
3540 3908 3638 3922 —
3687 3870 3916 3943 Leno-

989 4016 1097 4089 nis
1146 4011 1557 4085 vocabulum
1602 4029 1743 4103 qno
1794 4006 2078 4081 artificio
2130 4008 2220 4080 ab
2279 4005 2607 4080 alliciendi
2663 4007 2883 4078 verbo
2931 4006 3227 4078 derivari
3283 4008 3500 4100 possit
3536 4029 3672 4079 non
3710 4008 3914 4082 video

992 4149 1064 4243 (a
1130 4147 1452 4222 leniendo
1500 4147 1744 4219 Prisc..
1781 4169 1842 4240 p.
1904 4147 2071 4232 424,
2149 4141 2239 4218 47
2292 4144 2528 4239 Hertz)
2602 4165 2826 4238 neque
2883 4144 2953 4216 id
3018 4145 3196 4239 apud
3265 4146 3539 4217 Festum
3604 4144 3914 4217 extitisse

989 4284 1315 4357 inducere
1365 4285 1434 4355 in
1486 4282 1779 4374 animum
1826 4302 2128 4376 possum,
2181 4279 2307 4353 sed
2356 4281 2447 4352 ibi
2496 4279 2585 4352 de
2630 4280 2951 4352 leniendo
2997 4283 3034 4351 i.
3081 4302 3137 4353 e.
3184 4283 3454 4356 lenibus
3499 4283 3731 4355 verbis
3768 4284 3916 4355 alli-

995 4419 1239 4493 ciendo
1293 4420 1543 4493 dictum
1596 4419 1823 4505 fuisse,
1876 4417 2065 4512 qood
2114 4417 2365 4488 Paulus
2410 4417 2817 4489 festinanter
2866 4418 3222 4488 contraxit.

1198 4575 1266 4648 p.
1326 4556 1482 4625 ⁴26.
1589 4554 1971 4627 ‘Maximam
2023 4552 2317 4626 bostiam
2369 4554 2549 4624 ovilli
2591 4555 2862 4647 pecoris
2917 4554 3385 4648 appellabant,
3439 4577 3576 4625 non
3620 4555 3712 4626 ab
3766 4575 3916 4626 am-

989 4690 1319 4786 plitudine
1354 4692 1683 4783 corporis,
1724 4689 1847 4763 sed
1885 4690 1976 4762 ab
2009 4689 2240 4762 animo
2278 4688 2689 4784 placidiore'.
2725 4727 2826 4743 -
2881 4690 3120 4782 Neque
3155 4688 3334 4759 hanc
3369 4707 3645 4760 causam
3679 4711 3913 4762 veram

992 4847 1154 4899 esse
1198 4828 1347 4900 eius
1393 4828 1905 4921 appellationis,
1970 4849 2192 4924 neque
2244 4848 2450 4921 quam
2506 4825 2841 4899 subtiliter
2887 4826 3197 4918 Scaliger
3261 4824 3711 4917 excogitavit,
3787 4823 3916 4897 sed

995 4986 1147 5038 eam
1199 4989 1409 5060 quam·
1450 4965 1703 5039 Gellius
1746 4968 1862 5048 XI,
1927 4970 2000 5048 4,
2053 4965 2092 5060 §
2144 4967 2219 5049 2,
2277 4968 2318 5035 3
2368 4963 2457 5035 de
2507 4965 2712 5036 multa
2772 4984 3090 5057 suprema
3137 4963 3173 5031 i.
3225 4981 3283 5031 e.
3340 4981 3603 5033 summa
3652 4969 3722 5030 et
3765 4980 3917 5031 ma-
