4842 6059
2197 622 2762 700 -7—.

944 833 1128 904 xima
1179 851 1400 923 agens
1448 851 1490 902 e
1544 833 1852 904 Varrone
1907 831 2184 925 protulit
2233 832 2272 901 i.
2324 852 2384 902 e.
2432 832 2659 905 ovium
2716 831 3091 926 penuriam,
3143 832 3260 925 qui
3302 852 3534 905 secum
3593 839 3873 925 reputa·-

943 968 1154 1055 verit,
1204 969 1402 1042 facile
1454 967 1665 1042 dabit.
1751 970 1833 1040 cf.
1881 969 2059 1039 Fest.
2113 990 2173 1062 p.
2238 965 2397 1039 ⁴44.
2489 966 2854 1042 Maximam
2905 966 3197 1048 multam,
3255 988 3320 1060 p.
3363 963 3538 1042 202⁵
3588 965 3872 1052 ovibus,

944 1127 1009 1200 p.
1057 1108 1251 1189 2⁴3⁸,
1314 1107 1422 1189 ⁴8,
1477 1103 1858 1192 Peculatus.
2799 1185 2814 1199 ⁸

1154 1262 1216 1333 p.
1276 1237 1474 1324 ⁴49⁸,
1544 1241 1660 1313 25.
1774 1238 1951 1312 ‘Muli
2004 1238 2290 1318 Mariani
2351 1237 2484 1312 dici
2548 1238 2772 1311 solent
2836 1261 2877 1309 a
2928 1239 2995 1310 C.
3049 1237 3222 1312 Mari
3275 1238 3618 1322 instituto,
3677 1238 3868 1310 cuius

942 1377 1187 1448 milites
1232 1377 1299 1447 in
1340 1378 1534 1449 furca
1594 1386 1755 1447 sunt
1809 1377 2031 1468 posita
2088 1376 2337 1452 tabella
2386 1376 2769 1450 varicosius
2821 1394 3034 1447 onera
3105 1396 3230 1448 sua
3299 1387 3580 1469 portare
3624 1398 3870 1450 assue-

941 1513 1221 1585 verant'.
1240 1551 1333 1568 --
1352 1509 1575 1582 Muell.
1591 1510 1861 1586 emend.
1887 1513 2035 1584 lect.
2054 1511 2510 1604 interposita.
2547 1512 2652 1588 Ad
2670 1511 2821 1588 cod.
2840 1513 3200 1586 lectionem
3228 1514 3512 1607 propius
3535 1511 3874 1588 accedere

939 1647 1188 1720 credo:
1241 1645 1722 1740 ammonita.
1820 1647 2024 1732 Quod
2069 1670 2241 1721 vero
2286 1649 2374 1722 ad
2426 1670 2572 1724 rem
2618 1649 2874 1732 attinet,
2923 1647 3204 1721 uberius
3234 1649 3447 1722 Paulo
3491 1668 3557 1722 v.
3595 1667 3874 1722 aerum-

940 1786 1141 1858 nulas
1184 1809 1244 1879 p.
1304 1783 1397 1858 24
1462 1797 1537 1859 et
1580 1787 1908 1857 Frontino
1956 1789 2162 1858 Strat.
2210 1787 2315 1870 IV,
2391 1788 2461 1870 1,
2517 1779 2563 1860 ’1
2611 1786 2759 1878 (qui
2813 1785 2986 1858 liber
3033 1807 3159 1879 pro
3216 1785 3454 1879 spurio¹
3502 1784 3868 1872 habendus

945 1922 1027 1992 cf.
1078 1919 1637 1995 Wachsmuthius
1688 1924 1753 1992 in
1799 1944 1968 1994 mus.
2007 1921 2127 1993 Rh.
2185 1921 2395 1992 ⁴860.
2447 1944 2509 2013 p.
2569 1916 2711 1994 574
2764 1922 2897 2016 sq.)
2954 1920 3045 1993 de
3101 1923 3299 1996 mulis
3348 1920 3672 1996 Marianis
3720 1920 3867 1993 dis-

938 2066 1132 2151 putat
1178 2054 1578 2127 Plutarchus
1626 2078 1691 2126 v,
1748 2055 1912 2128 Mar.
1974 2060 2093 2140 43,
2158 2056 2339 2128 unde
2387 2077 2564 2149 quae
2639 2055 2825 2148 apud
2877 2057 3184 2132 Verrium
3234 2058 3549 2134 Flaccum
3616 2058 3866 2130 extite-

938 2195 1103 2278 rint,
1156 2196 1300 2264 fere
1350 2192 1577 2266 animo
1634 2192 2001 2262 informare
2050 2195 2296 2285 possis.
2396 2193 2571 2263 Nata
2616 2200 2725 2263 est
2768 2193 3066 2262 fortasse
3122 2192 3578 2284 proverbialis
3626 2194 3868 2287 appel·-

938 2330 1098 2401 latio
1147 2350 1239 2399 ex
1274 2328 1553 2402 militum
1587 2329 2047 2404 Marianorum
2102 2326 2532 2412 fescenninis,
2580 2327 2772 2399 cuius
2823 2326 2919 2399 rei
2965 2327 3329 2418 vestigium
3377 2327 3444 2396 in
3491 2347 3665 2398 voce
3718 2333 3867 2400 ‘va-

938 2467 1246 2538 ricosius'
1299 2466 1521 2559 poetis
1574 2468 1719 2537 fere
1770 2465 2025 2538 usitata
2070 2485 2450 2557 superesse
2497 2462 2784 2536 videtur.
2908 2461 3080 2534 Nam
3138 2482 3343 2554 quum
3392 2462 3645 2536 Plinius
3685 2484 3746 2532 n.
3801 2463 3865 2536 h.

937 2601 1044 2686 XI,
1102 2603 1247 2674 252
1305 2605 1583 2674 reserat:
1641 2600 1726 2670 ‘C.
1765 2598 2071 2682 Marium,
2125 2602 2236 2692 qui
2293 2601 2551 2698 septies
2604 2598 2845 2684 consul
2891 2598 3030 2684 fuit,
3084 2605 3378 2672 stantem
3429 2596 3558 2668 sibi
3593 2595 3867 2668 extrahi

937 2734 1267 2833 (varices)
1322 2759 1601 2831 passum
1656 2759 1860 2809 unum
1925 2736 2306 2820 homiuum,
2374 2734 2640 2830 Oppius
2703 2746 2948 2812 auctor
3002 2739 3130 2808 est'
3197 2732 3412 2830 (unde
3455 2741 3646 2808 recte
3697 2729 3861 2803 Lud.

933 2872 1168 2944 lanius
1225 2870 1313 2943 ad
1365 2872 1668 2941 Macrob.
1720 2874 1856 2941 Sat.
1901 2872 1976 2953 11,
2030 2876 2097 2955 3,
2154 2875 2197 2942 5
2249 2873 2513 2944 censuit
2570 2870 2856 2944 Marium
2907 2893 3184 2965 quoque
3237 2873 3625 2945 varicosum
3658 2868 3864 2964 Arpi-

932 3013 1163 3074 natem
1208 3003 1341 3074 dici
1393 3005 1765 3098 potuisse),
1836 3006 2049 3078 oritur
2102 3007 2438 3100 suspicio,
2491 3007 2735 3078 milites
2784 2982 2953 3081 dum*
2995 3028 3189 3080 suam
3240 3019 3496 3096 sortem
3549 3031 3863 3103 conque-

932 3148 1174 3210 runtur
1221 3139 1414 3209 simul
1462 3139 1817 3211 cavillatos
1874 3161 2034 3212 esse
2082 3142 2579 3236 imperatorem.
2675 3142 2960 3216 Accedit
3009 3144 3196 3237 qnod
3229 3145 3629 3220 Plutarchus
3666 3171 3861 3224 suam

932 3270 1022 3344 de
1081 3273 1453 3367 proverbio
1523 3275 2024 3367 expositionem
2094 3278 2407 3372 triumphi
2455 3279 2826 3371 Iugurthini
2881 3283 3007 3376 ipsi
3064 3286 3436 3358 memoriae
3490 3284 3857 3360 subiunxit.

1136 3409 1314 3483 Fest.
1364 3434 1427 3502 p.
1486 3410 1670 3496 ⁴90¹&
1724 3418 1836 3485 30.
1889 3424 1976 3486 ‘et
2020 3417 2091 3486 L.
2144 3415 2388 3507 Sergio
2435 3416 2748 3494 Dentato,
2777 3419 2920 3511 -qui
2966 3418 3264 3494 Achilles
3311 3423 3572 3496 Romae
3616 3422 3859 3498 existi-

928 3555 1152 3616 matus
1186 3548 1330 3616 est'.
1371 3585 1466 3599 ——
1506 3549 1882 3619 Romame
1932 3551 2238 3624 correxit
2286 3552 2358 3622 Α.
2396 3552 2838 3662 Augustinus⁸
2871 3565 3151 3647 propter
3196 3555 3480 3628 Gellium
3513 3556 3586 3641 11,
3631 3560 3742 3642 M,
3796 3562 3855 3643 1,

929 3685 1334 3776 ‘nomenque
1380 3686 1442 3756 ei
1492 3687 1740 3757 factum
1790 3687 1881 3759 ob
1928 3688 2272 3778 ingentem
2320 3688 2779 3762 fortitudinem
2830 3689 3380 3784 appellatumque
3430 3712 3591 3766 esse
3624 3691 3857 3764 Achil-

925 3816 1058 3887 lem
1115 3819 1531 3891 Romannm‘.
1644 3823 1783 3894 Sed
1839 3805 2006 3894 'licet
2063 3835 2349 3918 uterque
2402 3825 2682 3898 Verrius
2717 3825 3124 3921 *Gelliusque
3190 3849 3282 3902 ex
3351 3827 3600 3902 eodem
3665 3830 3854 3901 fonte

926 3952 1248 4039 hauserit,
1309 3965 1534 4030 tamen
1592 3982 1729 4032 non
1784 3981 2074 4033 necesse
2119 3971 2193 4031 ut
2242 3961 2304 4030 in
2358 3960 2488 4032 hac
2538 3979 2817 4055 quoque
2869 3984 2942 4035 re
2993 3966 3403 4059 conspirent.
3500 3964 3587 4036 Et
3640 3963 3854 4035 babet

927 4091 1106 4168 adeo
1158 4094 1317 4166 illud
1373 4096 1644 4164 Romae
1708 4096 1895 4188 quod
1951 4099 2168 4188 magis
2240 4098 2526 4191 placeat.
2639 4099 2793 4169 Non
2860 4098 3036 4169 enim
3091 4098 3424 4174 Achillem
3471 4100 3849 4172 Romanum

925 4228 1211 4302 Romani
1269 4230 1601 4315 dixerint,
1671 4233 1797 4304 sed
1842 4233 2185 4305 Achillem.
2290 4234 2445 4317 Quo
2495 4245 2722 4305 autem
2768 4235 2926 4328 quis
2974 4246 3284 4327 tempore
3340 4233 3432 4306 ab
3475 4254 3560 4305 ea
3615 4255 3690 4318 re
3741 4235 3851 4308 di-

925 4374 1077 4448 stat,
1132 4376 1203 4436 ut
1240 4365 1532 4452 Gellius,
1594 4380 1800 4461 atque
1852 4390 1938 4439 ne
2010 4370 2073 4440 in
2122 4369 2433 4442 Romano
2485 4369 2760 4463 quidem
2826 4372 2976 4442 solo
3026 4369 3185 4442 dum
3229 4370 3467 4444 scribit
3513 4383 3845 4459 versatur,

923 4519 1013 4571 eo
1060 4504 1289 4595 aptior
1340 4502 1414 4574 fit
1457 4505 1733 4578 Achillis
1780 4506 2065 4578 Romani
2115 4507 2502 4601 appellatio.

1130 4661 1193 4731 p.
1240 4642 1424 4724 493⁸,
1468 4645 1529 4712 3.
1587 4644 1787 4714 ‘luter
1824 4642 2323 4714 obsidionalem
2355 4652 2429 4712 et
2463 4644 2743 4715 civicam
2783 4642 2916 4714 hoc
2951 4643 3317 4716 interesse:
3356 4644 3570 4714 altera
3607 4644 3844 4731 siugu-

920 4774 1083 4845 laris
1138 4776 1376 4846 salutis
1432 4776 1700 4868 signum
1751 4789 1893 4860 est;
1951 4779 2163 4850 altera
2222 4780 2670 4849 diversorum
2721 4777 2963 4849 civium
3018 4782 3469 4852 servatorum'
3517 4816 3620 4832 -
3670 4779 3844 4852 ‘uui-

920 4928 1277 4982 versorum
1355 4913 1526 4984 coni.
1604 4913 1750 4984 Urs.
1822 4934 1913 4984 ex
1964 4915 2205 4999 Panlo,
2287 4914 2411 4987 sed
2485 4914 2814 4989 abhorret
2887 4916 2957 4987 id
3026 4937 3064 4987 a
3116 4917 3420 4990 veritate’
3472 4911 3691 4985 Muell.
3743 4951 3837 4964 ——
