4842 6059
2152 723 2714 801 -7-.‚

898 936 1081 1006 xima
1132 955 1355 1026 agens
1402 954 1445 1005 e
1498 935 1805 1006 Varrone
1860 933 2137 1027 protulit
2187 934 2225 1003 i.
2277 954 2338 1005 e.
2384 934 2613 1006 ovium
2669 932 3045 1026 penuriam,
3097 934 3212 1026 qui
3254 953 3487 1005 secum
3545 939 3828 1026 reputa-

897 1070 1108 1158 verit,
1159 1071 1356 1145 facile
1408 1069 1619 1143 dabit.
1704 1072 1786 1142 of.
1834 1070 2013 1142 Fest.
2067 1092 2127 1164 p.
2193 1066 2352 1140 144.
2441 1068 2808 1144 Maximam
2859 1067 3151 1150 multam,
3207 1089 3274 1161 p.
3316 1063 3492 1142 202b
3542 1066 3828 1154 Ovibus,

898 1231 964 1303 p.
1011 1210 1205 1291 2⁴3⁸,
1267 1210 1376 1291 18,
1432 1205 1813 1294 Peculatus.
2753 1287 2769 1300 ᾗ

1110 1364 1171 1435 p.
1231 1339 1427 1426 ⁴49⁸,
1497 1344 1614 1415 25.
1727 1341 1904 1413 ‘Muli
1958 1340 2245 1416 Mariani
2306 1339 2439 1414 dici
2502 1340 2726 1412 solent
2791 1362 2832 1411 a
2882 1342 2949 1412 C.
3002 1339 3174 1414 Mari
3230 1338 3570 1423 institutO,
3632 1338 3823 1410 cuius

895 1479 1141 1551 milites
1186 1478 1255 1548 in
1296 1480 1489 1551 furca
1548 1487 1709 1549 sunt
1763 1478 1986 1570 posita
2042 1478 2292 1552 tabella
2342 1478 2724 1552 varicosius
2775 1497 2990 1550 onera
3059 1497 3185 1548 sua
3252 1488 3534 1571 portare
3579 1498 3825 1551 assue-

896 1615 1176 1686 verant'.
1195 1651 1286 1670 ·-—
1308 1611 1531 1684 Manen.
1545 1612 1816 1686 emend.
1842 1614 1991 1688 lect.
2008 1613 2465 1706 imposita-
2502 1613 2606 1688 Ad
2624 1613 2776 1688 cod.
2793 1614 3154 1688 lectionem
3182 1616 3466 1709 propius
3488 1611 3828 1690 accedere

895 1749 1143 1822 credo:
1195 1747 1677 1842 commonita.
1775 1747 1979 1832 Quod
2024 1771 2195 1822 vero
2241 1750 2331 1823 ad
2380 1771 2526 1824 rem
2572 1750 2828 1835 attinet,
2877 1749 3158 1824 uberius
3188 1749 3402 1824 Paulo
3445 1769 3512 1822 v.
3549 1769 3827 1824 aerum-

895 1889 1095 1960 nulas
1139 1910 1199 1981 p.
1257 1884 1351 1960 24
1417 1899 1491 1960 et
1535 1888 1864 1959 Frontino
1914 1890 2117 1959 Strat.
2164 1888 2271 1971 lv,
2348 1890 2416 1970 1,
2472 1880 2518 1960 ’1
2567 1887 2714 1979 (qui
2767 1885 2940 1960 liber
2988 1908 3114 1981 pro
3171 1888 3405 1980 spurio
3456 1886 3823 1974 habendus

899 2023 981 2095 cf.
1032 2021 1592 2096 Wacbsmuthius
1641 2025 1708 2094 in
1754 2046 1924 2096 mus.
1962 2021 2083 2094 Rb.
2142 2023 2350 2093 1860.
2400 2045 2466 2115 p.
2524 2017 2667 2094 574
2719 2022 2854 2118 sq.)
2910 2022 3001 2094 de
3058 2023 3254 2096 mulis
3303 2021 3627 2096 Marianis
3674 2021 3823 2095 dis-

892 2167 1087 2252 putat
1133 2156 1533 2231 Plutarchus
1581 2180 1645 2228 V.
1702 2156 1868 2230 Mar.
1931 2162 2049 2241 13,
2114 2156 2294 2228 unde
2342 2178 2521 2251 quae
2595 2155 2779 2250 apud
2832 2158 3139 2234 Verrium
3189 2158 3504 2232 Flaccum
3571 2159 3821 2232 extite-

894 2296 1057 2379 rint,
1113 2297 1255 2367 l'ere
1304 2295 1532 2368 animo
1590 2294 1956 2365 informare
2006 2295 2251 2387 possis.
2352 2293 2527 2364 Nata
2571 2300 2683 2364 est
2723 2293 3022 2363 fortasse
3078 2292 3534 2385 proverbialis
3581 2294 3824 2387 appel-

891 2431 1053 2503 latio
1102 2451 1194 2500 ex
1229 2431 1507 2504 militum
1543 2431 2003 2504 Marianorum
2057 2420 2488 2512 fescenninis²
2536 2427 2727 2500 cuius
2777 2426 2874 2499 rei
2921 2426 3285 2519 vestigium
3332 2427 3400 2497 in
3445 2447 3623 2498 voce
3673 2434 3822 2499 ‘va-

892 2568 1201 2641 ricosius'
1253 2569 1476 2661 poetis
1530 2570 1674 2639 tere
1726 2567 1980 2638 usitata
2030 2586 2404 2658 superesse
2453 2563 2740 2638 videtur.
2863 2562 3036 2633 Nam
3094 2581 3298 2654 quum
3347 2562 3600 2638 Plinius
3639 2585 3702 2633 n.
3756 2563 3821 2637 h.

891 2703 998 2788 XI,
1057 2705 1202 2776 252
1261 2707 1539 2776 referat:
1595 2702 1682 2773 ‘C.
1720 2700 2027 2784 Marium,
2080 2704 2192 2793 qui
2248 2701 2506 2798 septies
2561 2698 2799 2771 consul
2847 2698 2986 2784 suit,
3040 2706 3333 2772 stantem
3385 2697 3515 2768 sihi
3550 2696 3822 2769 extrahi

891 2837 1223 2935 (varices)
1278 2861 1557 2933 passum
1610 2861 1816 2912 unum
1880 2838 2261 2936 hominum,
2330 2835 2596 2931 Oppius
2659 2846 2904 2912 auctor
2957 2839 3086 2908 est’
3152 2833 3368 2930 (unde
3411 2842 3601 2906 recte
3652 2829 3817 2904 Lud.

888 2974 1123 3046 lanius
1180 2973 1268 3045 ad
1319 2971 1624 3044 Macrob.
1676 2975 1812 3042 Sat.
1858 2973 1931 3054 11,
1988 2977 2053 3056 3,
2109 2976 2152 3044 5
2204 2974 2470 3046 censuit
2526 2971 2812 3045 Marium
2863 2993 3140 3066 quoque
3193 2973 3580 3048 varicosum
3614 2968 3819 3064 Arpi·-

887 3116 1120 3177 natem
1164 3105 1295 3177 dici
1348 3107 1721 3200 potuisse),
1792 3108 2005 3180 oritur
2056 3109 2392 3201 suspicio,
2447 3108 2692 3180 milites
2739 3107 2902 3184 dum
2952 3129 3145 3182 suam
3196 3120 3452 3190 sortem
3505 3131 3818 3204 conque·

887 3251 1129 3312 runtur
1177 3241 1369 3311 simul
1417 3241 1773 3314 cavillatos
1829 3262 1989 3314 esse
2037 3243 2535 3337 imperatorem.
2631 3242 2914 3318 Accedit
2964 3245 3152 3338 qnod
3188 3246 3586 3320 Plutarchus
3622 3271 3816 3326 suam

888 3373 977 3446 de
1034 3375 1409 3468 proverbio
1478 3377 1980 3469 expositionem
2050 3380 2363 3474 triumphi
2412 3380 2784 3472 Iugurthini
2837 3384 2964 3476 ipsi
3021 3386 3393 3458 memoriae
3447 3385 3813 3460 subiunxit.

1092 3510 1270 3585 Fest.
1322 3535 1383 3606 p.
1442 3512 1626 3600 ⁴90⁶,
1679 3520 1792 3587 30.
1844 3525 1932 3588 ‘et
1976 3518 2047 3588 1..
2099 3516 2344 3609 Sergio
2392 3518 2705 3595 Dentato,
2733 3520 2874 3613 ·qui
2923 3519 3220 3594 Achilles
3269 3523 3528 3598 Romae
3572 3522 3817 3598 existi-

883 3657 1109 3719 matus
1142 3650 1287 3719 est‘.
1326 3687 1422 3702 --
1462 3652 1838 3721 Romanus
1888 3653 2193 3725 correxit
2241 3654 2314 3724 Α
2352 3652 2794 3764 Augustinus.
2827 3665 3109 3748 propter
3153 3656 3436 3728 Gellium
3470 3658 3542 3743 11,
3585 3661 3697 3744 11,
3753 3662 3810 3743 1,

885 3787 1291 3878 ‘nomenque
1336 3788 1398 3857 ei
1448 3789 1696 3859 factum
1745 3790 1837 3859 ob
1883 3790 2227 3880 ingentem
2276 3788 2735 3864 fortitudinem
2786 3790 3338 3885 appellatumque
3387 3814 3548 3866 esse
3581 3792 3813 3866 Achil-

882 3919 1015 3991 lem
1071 3921 1486 3992 Romanum'.
1601 3922 1738 3995 Sed
1796 3909 1961 3996 'licet
2018 3936 2303 4020 uterque
2358 3927 2638 3998 Verrius
2689 3927 3081 4022 Gelliusque
3147 3950 3239 4002 ex
3309 3928 3556 4004 eodem
3621 3931 3808 4002 sonte

881 4056 1205 4142 hauserit,
1265 4067 1492 4130 tamen
1550 4083 1687 4133 non
1740 4083 2030 4135 necesse
2074 4074 2151 4133 ut
2197 4062 2260 4132 in
2314 4062 2445 4134 hac
2494 4083 2773 4157 quoque
2825 4085 2900 4135 re
2949 4067 3361 4159 conspirent.
3457 4065 3545 4136 Et
3597 4064 3810 4136 habet

883 4193 1062 4267 adeo
1113 4195 1272 4267 illud
1329 4198 1602 4266 Romae
1665 4197 1850 4290 quod
1907 4201 2125 4290 magis
2197 4201 2481 4291 placeat.
2596 4200 2750 4271 Non
2817 4200 2995 4270 enim
3049 4198 3381 4272 Achillem
3429 4201 3806 4273 Romanum

881 4331 1166 4403 Romani
1225 4332 1558 4416 dixerint,
1628 4333 1753 4405 sed
1799 4334 2142 4405 Achillem.
2247 4336 2399 4419 Quo
2451 4345 2678 4406 autem
2724 4337 2880 4429 quis
2931 4333 3389 4429 temporeab
3432 4355 3517 4406 ea
3572 4356 3647 4418 re
3700 4335 3808 4408 di-

881 4477 1034 4550 stat,
1090 4478 1161 4538 ut
1206 4468 1488 4554 Gellius,
1550 4480 1757 4562 atque
1810 4491 1895 4540 ne
1966 4471 2031 4540 in
2079 4471 2388 4543 Romano
2439 4471 2716 4565 quidem
2783 4473 2932 4543 solo
2982 4471 3142 4546 dum
3185 4472 3425 4544 scribit
3470 4484 3802 4559 versatur,

879 4622 968 4674 eo
1018 4605 1246 4697 aptior
1296 4604 1371 4675 fit
1413 4606 1688 4679 Achillis
1739 4608 2022 4680 Romani
2072 4609 2459 4702 appellatio·

1087 4763 1149 4833 p.
1197 4744 1381 4826 ⁴93⁸,
1423 4747 1485 4814 3.
1542 4745 1746 4816 ‘Inter
1781 4743 2276 4816 obsidionalem
2311 4756 2384 4815 et
2418 4744 2699 4816 civicam
2740 4743 2874 4815 hoc
2907 4745 3273 4818 interesse:
3311 4744 3527 4815 altera
3563 4744 3801 4831 singu-

876 4876 1039 4948 laris
1094 4878 1332 4948 salutis
1388 4878 1657 4971 signum
1709 4891 1850 4963 est;
1907 4880 2120 4951 altera
2179 4880 2626 4949 dives-emam
2676 4878 2921 4949 civium
2974 4883 3426 4952 servatorum’
3474 4917 3577 4933 -
3626 4879 3800 4950 ‘uni-

878 5030 1233 5083 versorum
1311 5016 1483 5086 coni.
1562 5016 1708 5086 Urs.
1779 5036 1869 5086 ex
1920 5016 2162 5100 Panlo,
2243 5014 2366 5086 sed
2441 5013 2772 5087 abhorret
2844 5015 2913 5087 id
2982 5037 3024 5090 a
3074 5017 3378 5090 veritate'
3427 5011 3647 5085 Muell.
3700 5052 3795 5065 -
